2281 3492
1064 95 1122 146 ‚9

205 269 392 315 perosus
449 269 472 302 e
516 254 665 302 medio
716 256 847 302 tollat
897 270 1042 317 neque
1097 257 1219 303 bona
1270 258 1352 302 aut
1399 256 1560 303 liberos
1618 256 1788 302 civium
1839 256 2008 302 violare

205 336 458 386 cunctetur,
501 335 549 379 in
584 335 725 380 libera
759 336 942 381 civitate
975 335 1134 397 florem
1180 335 1355 380 validae
1390 335 1639 379 iuventutis
1674 335 1846 392 vigere,
1901 347 2018 392 quae

204 411 319 457 nihil
351 412 521 458 habeat
554 413 788 472 antiquius
824 426 966 471 quam
999 415 1053 458 ut
1087 413 1278 471 gloriam
1317 413 1492 471 patrIae
1529 415 1716 470 augeat;
1758 413 1832 458 hic
1858 426 2016 457 omnes

205 490 474 549 tranquillos
509 490 702 536 fortunis
738 490 974 549 acquisitis
998 491 1068 536 uti
1102 492 1149 536 et
1172 490 1463 536 adulescente
1494 489 1695 535 filiorum
1726 490 2015 548 filiarumque

203 568 328 627 prole
357 568 555 627 gaudere
573 570 625 629 1).

343 673 561 730 Quamvis
597 676 753 719 autem
786 673 850 719 rei
884 673 1091 732 publicae
1125 657 1346 723 libertate,
1392 674 1534 730 gloria
1568 673 1688 725 belli,
1734 672 1901 717 civium
1932 673 2019 717 rir-

203 751 303 796 tute
337 751 542 797 Athenae
561 751 766 805 floreant,
803 764 984 796 summo
1008 752 1167 796 tamen
1191 750 1339 796 decori
1374 752 1444 796 est
1473 750 1647 809 patriae
1682 749 1777 808 ipse
1801 749 2020 801 Theseus,

205 842 345 887 quem
380 830 646 875 clarissimis
682 829 927 874 virtutibus
963 829 1258 875 excellentem
1291 831 1424 888 poeta
1449 829 1708 887 descripsit:
1744 829 1873 887 pium
1909 842 2016 886 erga

204 906 311 953 deos
347 908 485 967 atque
519 909 742 968 parenteS,
778 908 901 967 pacis
937 909 1171 953 amantem
1217 920 1306 953 non
1340 908 1494 953 minus
1531 920 1671 967 quam
1706 905 1869 953 ducem
1906 908 2018 953 stre-

205 999 352 1030 nuum
387 989 432 1032 et
459 986 635 1039 fortem,
672 987 1023 1044 gubernatorem
1056 987 1122 1032 rei
1156 987 1365 1045 publicae
1401 986 1575 1032 consilii
1608 986 1807 1045 plenum,
1842 986 2016 1045 patriae

205 1066 384 1123 patrem
419 1064 643 1123 optimum
660 1065 708 1124 2).

335 1153 462 1200 Haec
496 1154 647 1200 omnia
670 1154 934 1214 Euripidem
968 1168 1019 1200 eo
1054 1155 1238 1214 cwsilio
1273 1156 1326 1200 ut
1355 1154 1553 1214 patriam
1587 1154 1801 1200 laudibus
1836 1156 2017 1199 ornaret

207 1232 458 1290 expinxisse
502 1235 548 1277 et
583 1234 668 1278 hac
701 1233 992 1291 potissimum
1027 1233 1082 1277 de
1127 1246 1267 1278 causa
1296 1247 1406 1278 »eam
1440 1233 1614 1277 famam
1659 1235 1868 1277 secutum
1903 1246 2014 1281 esse.

204 1322 295 1368 qua
337 1309 635 1356 Athenienses
681 1310 854 1356 bellum
887 1309 999 1355 illud
1047 1311 1204 1356 contra
1243 1310 1423 1357 Thebas
1460 1310 1711 1369 suscepisse
1747 1309 2014 1359 traderetur.

203 1387 329 1433 haud
363 1387 542 1434 difficile
577 1390 646 1433 est
680 1388 926 1434 intellectu.
1004 1388 1163 1447 Neque
1200 1388 1310 1447 quid
1344 1389 1414 1434 his
1450 1389 1662 1434 laudibus
1699 1389 1784 1434 sibi
1818 1388 2013 1434 voluerit

199 1465 404 1512 dubitari
437 1468 598 1526 potest.
668 1467 734 1513 Ac
766 1467 970 1526 primum
1005 1466 1188 1526 quidem
1223 1469 1382 1527 poetae
1417 1467 1590 1526 patriae
1615 1467 1934 1513 amantissimo
1969 1467 2015 1512 id

200 1543 326 1589 cordi
358 1543 499 1589 fuisse
533 1544 725 1597 videtur,
773 1547 827 1590 ut
860 1545 909 1589 in
944 1547 1187 1604 conspectu
1221 1547 1289 1590 tot
1324 1544 1625 1598 Graecorum,
1660 1545 1738 1603 qui
1785 1545 2014 1603 Dionysiis

200 1621 383 1679 magnis
427 1649 486 1655 —-
534 1622 573 1667 si
618 1622 803 1681 quidem
847 1623 917 1668 his
952 1623 1110 1669 diebus
1156 1622 1284 1669 festis
1327 1623 1532 1668 fabulam
1568 1625 1721 1668 actam
1756 1636 1854 1669 esse
1889 1625 2011 1668 recte

201 1700 454 1746 conicimus
470 1702 506 1760 3)
547 1727 604 1733 —
642 1700 997 1759 frequentissimi
1043 1701 1246 1746 Athenas
1281 1701 1480 1760 undique
1525 1701 1748 1747 confluere
1794 1701 2013 1753 solebant,

200 1778 376 1837 patriae
439 1765 561 1824 urbis
615 1778 865 1837 imaginem
922 1792 1062 1838 quam
1114 1778 1531 1838 splendidissimam
1581 1781 1942 1839 repraesentaret
1956 1779 2015 1838 4),

205 1856 511 1902 Athenienses
535 1856 708 1915 opibus,
743 1857 807 1902 rei
830 1857 1037 1915 publicae
1061 1857 1220 1910 forma,
1255 1858 1513 1910 virtutibus,
1548 1858 1685 1903 rebus
1722 1858 1878 1915 gestis,
1920 1858 2016 1902 iam

204 1934 524 1993 antiquissimo
560 1936 760 1994 tempore
803 1935 963 1981 ceteris
1001 1934 1186 1981 Graecis
1232 1935 1530 1994 praecessisse
1573 1935 1763 1994 ideoque
1805 1935 2017 1993 dignissi-

198 2025 300 2057 mos
348 2026 447 2058 esse
494 2012 762 2067 ostenderet,
810 2013 885 2072 qui
932 2013 1240 2072 principatum
1286 2012 1525 2065 Graeciae,
1573 2027 1624 2059 eo
1669 2014 1766 2073 ipso
1813 2016 2016 2073 tempore

201 2090 412 2136 acerrimi
458 2091 565 2137 belli
598 2104 802 2143 causam,
848 2093 1028 2150 praeter
1071 2106 1228 2137 omnes
1269 2094 1487 2137 tenerent.
1557 2091 1684 2148 Quae
1732 2106 2016 2150 quamquam

195 2168 261 2215 ad
307 2182 464 2216 omnes
506 2168 599 2216 fere
647 2167 844 2216 Graecos
893 2169 1184 2225 dicebantur,
1235 2172 1392 2217 tamen
1437 2170 1661 2230 imprimis
1709 2171 1768 2216 ad
1811 2170 2014 2229 Argivos,

336 2363 365 2413 ¹)
395 2362 452 2402 Cf.
480 2363 571 2402 ibid.
601 2376 640 2402 V.
672 2364 749 2402 426
777 2375 861 2413 sqq.

334 2428 364 2478 2)
393 2428 482 2467 Vid.
510 2429 610 2467 infra
636 2440 723 2478 pag.
751 2428 804 2466 42
832 2440 889 2477 sq.

334 2494 364 2543 3)
393 2493 483 2532 Vid.
511 2493 612 2532 infra
638 2505 724 2544 pag.
755 2493 806 2533 20
825 2505 910 2543 sqq.

334 2559 365 2609 ⁴)
395 2558 451 2598 Cf.
481 2560 582 2610 Aug.
611 2559 842 2599 Mommsen.
899 2559 1170 2609 Heortologie,
1198 2559 1329 2609 Leipz.
1360 2558 1462 2599 1864
1489 2571 1574 2609 pag.
1605 2559 1656 2598 60
1683 2571 1761 2609 sq.:
1812 2559 1896 2604 „Im
1924 2560 2015 2598 Ela-

200 2624 410 2674 phebolion
438 2624 668 2662 erschienen
695 2624 759 2662 die
787 2625 975 2663 Biindner
1001 2625 1083 2662 und
1111 2624 1297 2663 brach‘ten
1324 2624 1410 2662 ihre
1438 2624 1603 2663 Steuern
1632 2624 1817 2673 (Boeckh.
1848 2625 1903 2664 St.
1927 2625 1976 2664 H.
1998 2626 2017 2664 Ι

201 2702 289 2739 pag.
320 2689 424 2738 191).
477 2689 604 2728 Ihnen
631 2690 713 2727 und
741 2689 963 2740 iiberhaupt
989 2690 1092 2728 allen
1119 2689 1310 2728 Fremden
1338 2690 1559 2739 gegeniiber
1586 2689 1668 2739 galt
1695 2702 1749 2739 es,
1780 2690 1841 2728 die
1870 2690 2015 2729 Metro-

201 2754 289 2804 pole
316 2755 357 2792 in
384 2754 510 2792 ihrem
531 2754 676 2792 Glanze
705 2767 755 2792 zu
783 2755 929 2804 zeigen,
959 2755 1029 2793 das
1047 2755 1348 2804 Uebergewicht
1373 2755 1479 2792 ihres
1497 2753 1731 2793 Reichtums
1759 2756 1871 2794 nicht
1897 2756 2017 2803 bloss,

199 2819 370 2858 sondern
397 2818 499 2858 auch
528 2818 668 2857 dessen
696 2819 899 2869 geistvolle
917 2819 1195 2870 Verwendung
1223 2831 1274 2857 zu
1301 2818 1499 2858 entfalten.
1551 2819 1654 2858 Dass
1674 2820 1757 2859 dies
1777 2821 1862 2859 eine
1881 2820 2018 2860 Macht

201 2897 305 2933 war,
345 2884 442 2923 lasst
476 2884 652 2933 Thucyd.
681 2884 739 2923 VI
768 2886 816 2924 16
854 2885 929 2922 den
965 2884 1186 2923 Alcibiades
1222 2896 1359 2934 sagen:
1411 2888 1497 2930 „uoci
1533 2879 1609 2922 ὅσα
1649 2876 1699 2922 αὖ
1736 2890 1779 2922 ἐν
1816 2886 1867 2938 τῇ
1905 2884 2015 2924 πόλει

196 2954 409 3001 χορηγίαις
436 2945 460 2997 ἢ
490 2945 595 2997 ἄλλῳ
620 2964 679 2997 τῳ
706 2947 1005 3000 infami-voum,
1043 2954 1126 2989 τοῖς
1161 2952 1237 2998 μὲν
1265 2944 1401 2989 Aaron
1429 2950 1649 3001 φθοτέῒται
1677 2949 1811 3001 φύσει,
1849 2948 1946 3002 πρὸς
1974 2951 2018 2988 δὲ

197 3010 290 3055 τοὺς
328 3014 459 3058 ξένους
495 3019 560 3052 καὶ
589 3009 689 3062 αὕτη
719 3010 827 3065 ἰσχὺς
855 3018 1077 3066 φαίνεται.“
1135 3014 1231 3053 Hier
1265 3015 1423 3054 werden
1460 3017 1533 3054 wir
1567 3029 1615 3055 an
1646 3017 1708 3055 die
1737 3029 1895 3066 grossen
1924 3018 2022 3056 Dio·

198 3081 342 3130 nysien
371 3093 422 3119 zu
449 3081 601 3119 denken
628 3081 791 3120 haben.“
845 3068 850 3072 ἃ
