2281 3492
1164 83 1224 127 32

287 240 473 299 posuit?
541 238 699 299 Neque
734 239 883 297 magis
918 239 1207 299 probandum
1243 241 1336 293 est,
1386 238 1506 297 quod
1542 238 1764 297 Bergkius
1801 239 1954 293 sentit,
1988 240 2116 298 post-

288 332 429 377 quam
470 318 627 376 Argivi
672 332 778 364 cum
814 318 1170 364 Atheniensibus
1217 330 1352 375 agere
1397 316 1646 376 coeperint,
1693 316 1958 377 Euripidem
1993 317 2116 378 hanc

286 396 496 441 fabulam
532 410 584 441 ex
609 399 810 455 tempore
835 396 1103 455 dispositam
1138 395 1344 441 celeriter
1379 395 1701 453 conscripsisse
1718 395 1769 454 1).
1828 395 1955 441 Licet
1989 394 2114 440 enim

287 487 429 533 quam
486 465 702 520 facillime
754 476 887 534 poeta
944 473 1203 531 tragoedias
1257 472 1580 526 elaboraverit,
1636 474 1793 518 tamen
1848 473 2020 519 nemini
2064 473 2113 518 in

286 552 544 610 opinionem
580 556 826 597 venturum
863 566 1016 611 spero,
1062 555 1115 597 ut
1156 565 1246 596 non
1282 551 1385 609 plus
1440 550 1637 595 sedecim
1679 551 1839 596 diebus
1886 550 2114 605 fabulam,

291 632 336 676 et
386 643 490 676 eam
537 644 833 689 nequaquam
880 630 1193 689 neglegentius
1245 628 1544 689 compositam
1561 628 1621 688 2),
1673 628 1928 675 elaborasse
1973 631 2114 688 atque

293 708 501 754 docuisse
537 708 672 754 dicat.
741 709 800 755 Et
835 723 980 768 neque
1006 708 1255 767 Bergkium
1290 721 1436 766 neque
1472 707 1682 752 Zastram
1730 707 1796 752 ita
1829 707 2111 753 iudicaturos

293 787 436 833 fuisse
474 789 607 846 puto,
655 788 693 833 si
737 788 861 833 illius
904 788 1118 845 temporis
1153 787 1326 832 ratione
1363 786 1574 832 subt-ilius
1620 785 1845 844 exquisita
1882 786 1969 831 sibi
2011 800 2114 845 per-

295 864 572 918 suasissent,
627 868 725 910 tam
773 866 905 910 breve
957 865 1156 924 spatium
1200 865 1319 910 inter
1360 878 1430 909 res
1477 865 1652 921 gestas,
1697 877 1812 922 quae
1860 865 1907 908 in
1953 863 2115 910 fabula

294 942 609 1000 designantur,
645 946 691 988 et
725 943 944 1001 Dionysia
979 957 1148 1001 magna
1182 943 1505 988 intercessisse.

431 1020 550 1077 Quid
595 1035 699 1079 ergo
748 1021 1046 1066 statuendum
1091 1021 1290 1075 videtur,
1346 1035 1453 1066 cum
1496 1021 1749 1079 complures
1803 1020 1890 1066 loci
1931 1019 2115 1067 fabulae

292 1097 446 1143 medio
482 1098 573 1144 fere
608 1098 959 1157 Elaphebolione
994 1101 1123 1144 actae
1160 1100 1312 1157 aperte
1355 1098 1411 1143 ad
1446 1112 1518 1143 res
1553 1098 1710 1157 paucis
1747 1112 1984 1144 summum
2019 1097 2114 1144 die-

291 1176 376 1220 bus
428 1179 533 1221 ante
591 1176 793 1221 eiusdem
838 1178 1010 1221 mensis
1053 1177 1238 1221 initium
1288 1176 1433 1220 factas
1476 1176 1758 1233 pertineant,
1812 1179 1909 1220 tota
1953 1176 2113 1221 fabula

288 1255 448 1299 autem
483 1256 583 1299 tam
620 1253 746 1299 brevi
780 1253 997 1313 temporis
1035 1253 1180 1312 spatio
1216 1253 1472 1312 conscripta
1508 1266 1605 1298 esse
1642 1254 1877 1312 nequeat?

420 1331 525 1376 Mea
558 1332 701 1388 igitur
755 1332 981 1376 sentent-ia
1015 1331 1255 1390 Euripides
1298 1331 1490 1390 publicis
1536 1331 1672 1376 rebus
1719 1331 1870 1376 subito
1906 1345 2116 1377 commu-

289 1409 398 1455 tatis
434 1409 684 1455 inserviens
708 1409 914 1455 fabulam
949 1409 1044 1455 iam
1069 1410 1214 1468 priore
1251 1412 1453 1468 tempore
1473 1411 1739 1468 conceptam
1765 1410 2111 1456 retractandam

287 1487 374 1533 sibi
411 1487 609 1547 sumpsit
644 1501 838 1547 eamque
873 1488 1155 1547 temporibus
1186 1488 1434 1547 adaptavit.
1504 1487 1657 1534 Liceat
1695 1490 1851 1534 autem
1886 1489 1971 1534 hoc
2014 1488 2114 1534 loco

284 1567 333 1611 in
377 1567 649 1612 memoriam
693 1580 902 1613 revocare
951 1566 1070 1626 quod
1114 1567 1161 1611 in
1209 1567 1358 1626 prima
1394 1566 1530 1612 huius
1567 1566 1888 1626 disputationis
1925 1569 2056 1627 parte
2073 1567 2111 1627 3)

288 1659 341 1690 ex
366 1645 700 1690 necessitudine
737 1659 853 1703 quae
876 1645 1060 1691 fabulae
1096 1659 1203 1690 curn
1238 1646 1374 1690 rebus
1411 1645 1469 1689 ad
1492 1644 1678 1689 Delium
1712 1644 1846 1690 factis
1870 1645 2114 1691 intercedit

287 1722 569 1781 collegimus,
610 1724 792 1782 poetam
829 1722 987 1769 statim
1022 1737 1075 1768 ex
1110 1736 1160 1769 eo
1196 1724 1396 1782 tempore
1433 1736 1539 1768 cum
1574 1722 1878 1768 Athenienses
1914 1723 1962 1769 in
1996 1722 2115 1768 The-

286 1801 428 1846 banos
475 1802 543 1845 ira
578 1802 981 1846 vehementissima
1014 1800 1265 1858 flagrarent
1299 1802 1416 1846 hanc
1451 1801 1695 1846 materiam
1729 1803 1976 1855 tractasse,
2019 1814 2112 1860 qua

286 1879 401 1925 nihil
436 1882 538 1925 tum
565 1880 716 1939 aptius
754 1893 852 1926 esse
886 1879 1046 1939 potuit.
1118 1878 1208 1926 Sed
1245 1879 1333 1925 alia
1360 1882 1467 1925 sunt
1502 1893 1644 1938 eaque
1668 1879 1956 1937 gravissima,
1992 1894 2112 1939 quae

287 1958 565 2002 sententiam
608 1960 817 2003 nostram
852 1959 1158 2016 comprobent.
1230 1956 1552 2016 Compluribus
1589 1957 1712 2002 enim
1753 1958 1864 2003 locis
1899 1957 2114 2003 immodi-

290 2049 398 2080 cum
434 2036 540 2080 belli
576 2035 785 2080 studium
819 2035 1234 2081 vehementissimis
1271 2035 1416 2080 verbis
1453 2035 1714 2089 damnatur,
1751 2036 1876 2080 velut
1922 2049 1948 2080 a
1983 2049 2117 2094 prae-

288 2126 398 2159 cone
432 2112 673 2158 Thebano:

606 2182 718 2235 ὅταν
754 2184 841 2252 γὰρ
877 2187 1010 2253 ἔλθῃ
1046 2184 1261 2249 πόλεμος
1295 2187 1363 2245 εἰς
1399 2189 1566 2253 ψῆφον
1599 2183 1704 2246 λεώ,

603 2259 759 2325 οὗόεὶς
795 2259 874 2315 ἔθ’
912 2261 1054 2315 αὐτοῦ
1089 2262 1304 2315 θάνατον
1340 2265 1648 2331 ἕνζλογίζεται,

600 2341 656 2392 τὸ
692 2345 916 2405 δυστυχὲς
951 2345 1005 2392 δὲ
1039 2339 1165 2393 τοῦτ’
1204 2345 1253 2403 ἐς
1286 2338 1429 2393 ἄλλον
1464 2345 1702 2409 ἐκτρέπει.

600 2422 641 2472 εἰ
679 2416 722 2472 δ’
759 2414 813 2489 ἦν
848 2416 965 2487 παρ)
1002 2416 1135 2485 ’ὄμμα
1170 2419 1385 2481 θάνατος
1420 2424 1468 2471 ἐν
1504 2419 1673 2488 ψήφου
1708 2424 1847 2489 φορᾷ,

602 2494 684 2549 οὖν,
720 2494 777 2549 ἄν
812 2495 940 2550 ποθ)
976 2496 1142 2560 Ἑλλὰς
1177 2497 1434 2566 δοριμανὴς
1469 2493 1726 2550 ἀπώλλυτο
1743 2506 1796 2565 4).

416 2614 444 2657 1)
474 2613 528 2651 Cf.
558 2613 582 2651 1.
615 2626 646 2651 e.
678 2625 764 2662 pag.
795 2614 883 2652 534.

416 2680 444 2722 2)
476 2679 532 2717 Cf.
563 2679 779 2717 Bemhard.
809 2678 834 2717 l.
873 2691 904 2716 c.
935 2691 1019 2728 pag.
1051 2680 1140 2717 466.
1197 2678 1338 2728 Bergk.
1368 2678 1393 2717 l.
1425 2691 1457 2716 c.
1487 2691 1573 2728 pag.
1604 2679 1678 2716 537
1709 2690 1793 2727 sqq.
1853 2678 1897 2717 Ο.
1926 2678 2106 2718 Mueller.

284 2741 384 2780 Hist.
413 2743 486 2782 litt.
517 2743 651 2781 Graec.
692 2743 733 2781 Π
770 2755 857 2793 pag.
890 2744 976 2782 133.
1034 2743 1079 2782 G.
1108 2743 1322 2782 Hermann.
1367 2742 1501 2792 Suppl.
1530 2743 1649 2792 praef.
1679 2755 1765 2793 pag.
1795 2742 1864 2782 IV.
1920 2742 2105 2793 Rumpei.

285 2805 471 2856 Philolog.
514 2808 658 2846 XXIV
699 2821 786 2857 pag.
831 2808 909 2847 408
939 2820 1044 2857 sqq,
1088 2809 1155 2857 qui
1193 2820 1243 2845 ex
1271 2821 1432 2846 numero
1461 2808 1718 2857 solutionum,
1762 2820 1859 2857 quas
1903 2810 2018 2857 poeta
2064 2809 2106 2845 in

283 2872 469 2909 trimetris
507 2873 686 2923 admisit,
730 2873 936 2911 severioris
976 2873 1070 2912 artis
1107 2873 1316 2923 tragoediis
1355 2873 1559 2924 Supplices
1597 2873 1872 2912 adscribendas
1911 2884 1996 2912 esse
2037 2873 2107 2912 de-

281 2938 527 2976 monstravit.

417 3002 446 3051 3)
474 3002 562 3042 vid.
592 3016 676 3054 sup.
706 3017 792 3055 pag.
826 3005 885 3043 12.

414 3069 445 3117 4)
476 3067 612 3116 suppl.
642 3083 678 3108 v.
708 3071 781 3107 481
815 3083 898 3119 sqq.
