2281 3492
1136 97 1165 140 4

242 253 288 296 et
332 264 381 295 re
428 249 692 295 docuerunt.
772 248 935 306 Itaque
991 261 1099 293 cum
1146 247 1382 306 Supplices
1427 248 1742 307 Euripideam,
1797 262 1914 307 quae
1962 250 2063 294 tota

241 328 332 373 fere
376 328 426 372 in
460 327 595 372 rebus
640 326 833 385 publicis
875 325 1068 370 vertitur
1085 324 1120 384 1)
1156 325 1420 383 multasque
1455 326 1639 371 illorum
1673 328 1933 385 temporum
1968 325 2063 383 sig-

241 404 524 449 nificationes
561 403 753 456 exhibet,
788 402 992 447 nondum
1026 402 1284 446 accuratius
1319 405 1568 447 tractatam
1603 416 1702 448 esse
1737 404 1850 447 mihi
1870 416 2061 462 persua-

242 481 481 539 sissem2)‚
534 479 657 524 haud
701 479 915 525 inutilem
959 479 1162 524 laborem
1205 492 1279 523 me
1326 481 1673 543 suscepturum*
1699 482 1828 526 ratus
1874 480 1922 525 in
1969 480 2060 525 hac

240 557 397 603 fabula
433 556 639 603 studium
673 570 833 602 meum
868 557 1103 611 collocavi,
1146 558 1201 602 ut
1236 555 1458 615 quomodo
1493 556 1734 616 Euripides
1768 558 1818 602 in
1852 571 1906 603 ea
1940 560 2060 604 tem-

239 649 349 695 pora
395 649 479 680 sua
523 635 792 693 respexisset
845 637 1119 680 excuterem.
1197 634 1356 692 Neque
1401 634 1578 692 neglexi
1629 635 1749 692 quod
1800 635 1884 680 viri
1936 635 2058 681 docti

240 716 440 766 monent,
475 713 524 757 in
559 713 646 758 hac
681 726 728 758 re
765 726 949 758 summa
982 713 1192 758 cautione
1216 726 1328 771 opus
1356 726 1454 757 esse
1478 712 1851 771 consideratoque
1873 713 2055 765 iudicio,

243 805 298 835 ne
333 804 628 848 praepropere
665 791 948 848 suspicantes
983 791 1030 834 in
1065 790 1218 834 futiles
1254 803 1489 846 vanasque
1524 790 1756 847 opiniones
1780 791 2057 843 incidamus,

239 868 611 926 quandoquidem
655 870 700 913 et
746 870 953 926 tempora
994 868 1074 913 illa
1121 867 1250 912 nobis
1294 867 1448 912 minus
1495 869 1602 912 nota
1647 868 1692 912 et
1735 867 1851 912 tales
1898 881 2053 913 rerum

239 945 503 1003 aequalium
540 945 893 1003 significationes
928 959 1008 1004 per
1043 959 1090 991 se
1137 958 1269 1003 saepe
1311 945 1529 990 obscurae
1576 946 1621 990 et
1667 945 1884 1003 ancipites
1931 948 2053 991 sunt.

240 1021 371 1069 Certo
416 1024 574 1068 autem
622 1025 801 1082 poetam
842 1022 1083 1068 consilium
1119 1024 1244 1068 extra
1288 1022 1489 1081 proprios
1524 1022 1758 1081 iustosque
1792 1022 2054 1081 tragoediae

236 1102 351 1147 fines
397 1101 539 1147 situm
589 1104 799 1147 secutum
844 1115 943 1147 esse
1001 1100 1356 1155 affirmabimus,
1410 1101 1670 1159 ubicunque
1727 1103 2053 1158 argumentum

236 1180 302 1224 ita
348 1179 547 1224 electum
591 1179 663 1224 vel
697 1180 998 1224 immutatum
1032 1181 1122 1232 est,
1167 1181 1221 1224 ut
1265 1192 1346 1224 cur
1379 1179 1424 1223 id
1458 1178 1635 1224 factum
1670 1179 1731 1224 sit
1764 1193 1816 1225 ex
1850 1193 1898 1224 re
1933 1193 2053 1237 quae

236 1257 392 1314 agitur
426 1257 525 1315 ipsa
562 1256 771 1315 explicari
804 1258 1015 1314 nequeat,
1050 1256 1262 1302 omnibus
1298 1256 1458 1302 deinde
1494 1257 1602 1302 locis
1638 1257 1804 1315 quibus
1834 1270 2051 1316 personas

235 1333 345 1378 facit
379 1336 570 1391 agentes
606 1334 678 1379 vel
713 1333 929 1387 dicentes,
965 1347 1081 1391 quae
1116 1333 1174 1378 ad
1210 1336 1416 1392 tempora
1450 1335 1653 1392 mythica
1685 1337 1730 1380 et
1752 1347 2051 1392 personarum

234 1411 518 1457 condiciones
564 1414 702 1469 atque
746 1425 895 1457 mores
940 1425 1030 1457 non
1065 1411 1293 1470 quadrant
1337 1414 1419 1457 aut
1453 1414 1551 1457 tam
1586 1409 1804 1470 ambigua
1840 1414 1961 1467 sunt,
1997 1414 2052 1457 ut

233 1492 509 1548 spectatores
563 1503 616 1534 ea
668 1489 727 1534 ad
779 1503 863 1534 sua
914 1491 1119 1548 tempora
1170 1489 1288 1534 ultro
1343 1490 1577 1536 rettulisse
1623 1490 1875 1536 videantur.
1955 1489 2052 1536 Nec

232 1567 386 1612 minus
420 1567 467 1611 in
503 1567 626 1611 chori
661 1567 851 1611 canticis
888 1567 1262 1625 egregiorumque
1295 1567 1496 1612 virorum
1529 1570 1583 1612 ut
1615 1567 1777 1613 Thesei
1805 1567 2050 1614 Erechthei

231 1644 389 1696 dictis,
442 1644 514 1690 vel
555 1644 634 1689 ubi
677 1657 896 1703 personae
939 1644 1181 1689 cuiusdam
1223 1644 1362 1689 verba
1406 1644 1652 1690 adversarii
1696 1645 1925 1704 responsis
1960 1660 2049 1691 non

230 1721 503 1775 refutantur,
538 1722 681 1780 ipsius
716 1724 874 1781 poetae
910 1735 1142 1768 occurrere
1177 1722 1348 1781 placita
1384 1722 1526 1768 conici
1562 1723 1667 1769 licet
1680 1724 1733 1781 3).

361 1821 510 1878 Atque
554 1819 620 1865 ita
656 1819 1013 1879 disputationem
1056 1820 1389 1866 instituendam
1428 1821 1610 1879 putavi,
1655 1823 1708 1865 ut
1742 1820 2050 1867 examinarem

229 1900 275 1942 et
310 1911 426 1955 quae
454 1899 692 1942 universae
725 1898 983 1956 tragoediae
1019 1912 1126 1943 cum
1160 1899 1247 1944 illis
1291 1898 1570 1957 temporibus
1607 1901 1727 1944 esset
1760 1899 2050 1945 necessitudo

364 2089 392 2134 ¹)
422 2089 477 2127 Cf.
520 2089 690 2127 Boeckh.
729 2088 754 2128 l.
794 2101 827 2127 e.
865 2101 951 2139 pag.
990 2089 1076 2129 178.
1119 2089 1205 2129 188.
1262 2090 1306 2129 G.
1342 2089 1477 2128 Herm.
1534 2089 1669 2138 Suppl.
1707 2090 1825 2138 praef.
1863 2102 1948 2139 pag.
1978 2090 2049 2129 IV.

227 2153 313 2192 Fix.
344 2153 477 2202 Eurip.
507 2154 583 2192 fab.
628 2153 716 2192 Par.
749 2154 850 2191 1843
878 2166 965 2204 pag.
985 2153 1099 2192 XIII.
1142 2154 1282 2203 Bergk.
1303 2154 1405 2193 Hist.
1435 2154 1508 2193 litt.
1530 2153 1664 2193 Graec.
1693 2154 1718 2193 l.
1749 2167 1781 2193 0.
1810 2168 1847 2204 p.
1868 2156 1944 2193 513
1964 2167 2048 2205 sqq.

361 2219 390 2268 2)
418 2219 477 2257 De
513 2219 588 2257 hac
626 2219 824 2269 tragoedia
859 2220 1119 2268 scripserunt:
1168 2220 1242 2259 Ad.
1272 2214 1477 2259 Soetbeer.'
1513 2219 1571 2257 De
1614 2220 1789 2269 mythico
1817 2223 2048 2271 argumento

225 2284 359 2333 Eurip.
390 2283 525 2333 Suppl.
582 2284 685 2322 Diss.
714 2284 847 2334 inaug.
904 2284 1005 2323 Gott.
1038 2284 1151 2323 1837.
1206 2285 1286 2323 Jul.
1316 2285 1452 2323 Zastra
1497 2285 1537 2322 in
1572 2297 1698 2334 progr.
1728 2298 1862 2335 gymn.
1917 2285 2047 2325 Neiss.

229 2349 342 2389 1848.
398 2349 501 2388 Rud.
524 2349 734 2388 Gebhardt.
779 2349 838 2388 De
858 2349 1090 2399 Supplicum
1110 2350 1341 2400 Euripideae
1360 2350 1736 2400 interpolationibus.
1791 2350 1895 2390 Diss.
1916 2351 2046 2402 inaug.

222 2415 308 2453 Jen.
332 2414 445 2453 1882.
501 2415 554 2466 Hi
582 2417 715 2452 tamen
743 2427 878 2453 omnes
909 2427 959 2453 ex
987 2416 1183 2464 proposito
1211 2428 1283 2454 suo
1311 2427 1443 2454 rerum
1471 2415 1696 2464 aequalium
1715 2416 1860 2454 indicia
1878 2417 2045 2454 strictim

225 2482 381 2517 tantum
416 2482 456 2517 et
491 2480 603 2528 quasi
630 2480 671 2517 in
698 2480 867 2518 transitu
902 2480 1110 2530 attingunt.
1167 2480 1327 2519 Nullius
1365 2482 1499 2518 autem
1536 2480 1724 2518 momenti
1753 2480 1802 2519 ad
1829 2480 1932 2519 hanc
1961 2493 2045 2518 reni

221 2548 282 2581 est
315 2544 374 2582 De
416 2544 643 2583 Hollander.
692 2545 751 2583 De
787 2545 984 2594 Euripidis
1020 2545 1283 2595 Supplicibus.
1338 2546 1442 2584 Diss.
1470 2546 1600 2594 inaug.
1656 2545 1781 2594 Lugd.
1810 2545 1897 2585 Bat.
1929 2546 2044 2586 1840.

224 2609 375 2646 Deinde
403 2609 477 2647 hoc
506 2608 590 2647 loeo
618 2610 859 2648 memorandi
887 2612 999 2648 sunt:
1030 2610 1078 2649 H.
1110 2610 1341 2648 Zirndorfer.
1371 2610 1430 2647 De
1459 2609 1708 2659 chronologia
1734 2610 1898 2649 fabular.
1928 2611 2045 2649 Euri-

225 2674 370 2722 pidear.
426 2673 548 2713 Marb.
572 2674 686 2713 1839.
715 2674 762 2714 K.
784 2674 966 2714 Schenkl.
1022 2675 1095 2714 Die
1123 2675 1361 2724 politischen
1381 2674 1702 2726 Anschauungen
1730 2675 1798 2714 des
1822 2675 2045 2726 Euripides,

224 2738 339 2775 Wien
371 2738 485 2776 1862.
556 2738 669 2777 Rich.
712 2739 857 2788 Haupt.
900 2740 974 2777 Die
1016 2744 1176 2778 {iussere
1203 2740 1347 2777 Politik
1375 2740 1444 2777 des
1471 2740 1687 2789 Euripides.
1738 2741 1879 2791 Progg.
1908 2754 2043 2791 gymn.

221 2803 352 2842 Eutin.
395 2804 508 2842 1870.
564 2804 699 2843 Ploen.
732 2804 869 2854 1877.,
912 2817 1081 2854 quorum
1118 2805 1402 2854 disputationes
1440 2818 1679 2855 quamquam
1716 2806 1870 2846 fabulas
1908 2806 2043 2857 Eurip.

220 2868 260 2904 in
289 2868 522 2905 universum
550 2869 776 2917 respiciunt,
805 2872 937 2907 tamen
965 2869 1093 2907 multa
1119 2869 1198 2907 huc
1226 2870 1458 2918 pertinentia
1487 2871 1697 2910 continent.

354 2934 383 2982 ³)
427 2933 484 2971 Cf.
514 2933 661 2982 Haupt.
701 2933 726 2972 1.
757 2946 789 2973 c.
819 2934 839 2971 I
874 2947 961 2984 pag.
993 2935 1027 2973 7.
1084 2934 1289 2973 Guetzlaff.
1318 2934 1344 2974 1.
1374 2947 1407 2974 c.
1447 2948 1533 2986 pag.
1566 2938 1584 2974 1
1616 2948 1673 2986 sq.
1730 2936 1919 2976 Schmidt.
1948 2936 1975 2976 l.
2006 2949 2040 2977 e.

216 3010 304 3048 pag.
336 2999 357 3035 7
373 3009 458 3047 sqq.
515 2997 703 3037 Roscher.
759 2999 903 3042 Leben,
934 2999 1081 3037 XVerke
1101 2999 1182 3037 und
1202 2999 1385 3038 Zeitalter
1405 3001 1472 3039 des
1492 3001 1754 3052 Thucydides.
1811 3002 2044 3042 Gott.>1842

212 3075 302 3113 pag.
334 3064 407 3102 541
441 3074 498 3113 sq.
