2281 3492
1146 85 1206 128 22

273 240 409 285 1131113
445 238 643 298 1131101110
680 238 871 285 foederis
909 253 1015 285 cum
1040 238 1411 286 Mantinensibus
1448 242 1493 287 et
1519 240 1641 287 Eleis
1676 241 1811 301 paulo
1847 244 1952 288 ante
1985 241 2101 288 facti

273 319 564 363 immemores
610 332 748 363 suum
799 319 1003 376 ipsorum
1055 321 1239 363 tantum
1292 320 1585 365 commodum
1638 324 1930 378 quaererent,
1983 321 2095 380 quid

273 396 444 440 mirum
480 410 552 441 eos
577 399 759 455 poetam
795 410 869 441 ore
892 396 1124 442 Minervae
1147 410 1344 451 monere,
1381 399 1434 443 ut
1466 397 1538 443 1113
1573 398 1821 443 iurandum
1846 401 2097 453 servarent,
2149 423 2150 426 =

272 474 500 531 minisque
535 474 618 525 uti,
655 475 694 518 si
729 477 993 532 rumperent
1010 475 1083 533 1)‘?
1139 474 1267 519 Haec
1301 489 1392 519 non
1428 476 1582 520 minus
1617 476 1741 520 iusta
1782 479 1916 521 erant
1951 491 2093 534 quam

275 566 391 611 quae
414 551 616 599 Theseus
641 551 836 598 Adrasto
872 552 1010 598 obicit
1029 553 1079 612 2);
1117 552 1154 598 si
1188 566 1290 599 vero
1315 553 1450 607 iusta,
1488 567 1577 599 non
1613 555 1711 600 erat
1746 568 1828 600 cur
1852 553 2098 613 Euripides

274 631 330 676 iis
361 631 623 676 abstineret.
661 630 873 690 Namque
910 644 1015 677 cum
1050 631 1202 690 legati,
1239 645 1351 690 quos
1370 631 1526 690 Argivi
1560 631 1615 677 de
1650 631 1825 678 foedere
1859 632 2098 689 miserant,

277 712 373 755 sine
409 711 544 754 dubio
581 724 607 754 a
645 713 771 768 parte
808 724 966 755 eorum
1002 713 1201 764 starent,
1251 711 1329 768 qui
1363 711 1588 755 Alcibiadi
1622 711 1825 756 faventes
1862 712 2097 757 amicitiae·

279 786 742 833 Lacedaemoniorum
779 787 1064 833 obsistebant
1077 788 1136 847 3),
1179 788 1294 833 nihil
1329 790 1426 833 erat
1468 787 1657 847 periculi
1691 802 1747 834 ne
1783 788 1985 834 convicia
2018 788 2102 834 illa.

278 880 394 924 quae
432 867 489 910 ad
525 880 680 910 eorum
706 866 986 911 adversarios
1021 867 1298 924 pertinerent
1331 867 1418 925 ipsi
1442 867 1679 911 molestius
1715 867 1896 912 ferrent.
1954 869 2102 912 Acce-

278 944 344 989 dit
381 943 500 1003 quod
544 947 701 1003 poetae
746 944 870 989 haud
913 944 1043 990 valde
1078 944 1297 990 intererat
1343 944 1393 990 in
1427 944 1616 1003 Argivos
1661 944 1902 1004 praecipua
1946 944 2103 990 indul·

278 1023 435 1080 gent-ia
488 1024 625 1080 atque
672 1022 913 1067 clementia
965 1023 1057 1076 uti,
1110 1036 1217 1067 cum
1263 1023 1425 1068 horum
1469 1026 1588 1069 esset
1632 1023 1885 1069 amicitiam
1930 1026 2096 1082 petere,

278 1101 626 1147 Atheniensium
651 1101 910 1159 petentibus
946 1101 1211 1146 condonare.
1282 1101 1488 1160 Denique
1525 1116 1614 1147 non
1638 1102 1972 1160 neglegendum
1997 1117 2102 1148 esse

277 1179 392 1223 mihi
426 1179 607 1223 videtur
630 1180 811 1237 poetam
846 1178 893 1222 in
929 1180 1171 1236 utramque
1207 1180 1386 1236 partem
1411 1179 1723 1238 disputantem
1759 1183 1803 1224 et
1839 1193 1954 1238 quae
1990 1194 2102 1225 cau-

279 1272 379 1303 sam
403 1257 675 1315 Argivorum
701 1257 969 1302 adiuvarent
1005 1257 1150 1302 dicere
1185 1271 1331 1315 neque
1368 1271 1421 1303 ea
1446 1271 1562 1316 quae
1597 1260 1755 1303 contra
1791 1258 1879 1304 dici
1910 1260 2103 1318 possent

279 1335 458 1381 silentio
493 1335 750 1394 praeterire.
821 1334 885 1379 Eo
923 1337 1132 1393 spectant
1167 1335 1303 1380 verba
1339 1336 1464 1381 chori
1498 1350 1538 1381 v.
1575 1337 1666 1381 251
1708 1350 1773 1394 sq.

599 1430 621 1446 (Ι
867 1436 880 1451 ⁴.
981 1436 991 1451 p
1159 1429 1170 1446 )
1192 1429 1204 1446 )
1328 1432 1339 1449 Ι
1528 1433 1538 1449 Ι

596 1454 818 1501 ημαρτεν·
857 1455 906 1483 εν
941 1453 1093 1484 νέοισι
1129 1438 1156 1484 ὁ
1175 1442 1454 1500 ανθρωπων
1486 1439 1597 1485 τοδε

597 1514 771 1562 εἶἰἐσῖι·
811 1511 1086 1578 συγγνώμην
1121 1515 1174 1562 δὲ
1209 1508 1324 1578 τῷδ’
1363 1514 1483 1575 ἔχειν
1515 1512 1673 1579 χρεών.

281 1622 499 1682 Idemque
535 1623 672 1668 verba
707 1622 892 1668 Adrasti
928 1637 967 1667 v.
1005 1623 1099 1668 253
1137 1637 1233 1682 sqq.

599 1715 729 1772 οἵτοι
765 1719 996 1790 δικαστήν
1031 1717 1270 1790 σειλὸιιην
1306 1724 1432 1786 ἐμῶν
1466 1725 1627 1773 κακῶν

599 1796 696 1850 ord
732 1801 783 1850 εἶ’
810 1822 858 1849 τι
894 1798 1083 1866 πράξας
1114 1800 1181 1867 μὴ
1216 1803 1375 1860 καλῶς
1409 1820 1702 1864 ευρισκομαι,

597 1876 776 1928 τοίτων
819 1876 1054 1945 κολαστὴν
1099 1873 1440 1946 κάπιτιμητήν,
1478 1874 1606 1940 avoc}

597 1952 699 2006 ἄλλ
737 1953 802 2016 (ὗς
839 1952 1056 2022 οναίμην·

284 2066 494 2113 videntur
529 2067 691 2120 valere,
730 2066 896 2125 quibus
933 2080 1006 2113 eos
1041 2066 1254 2125 redargui
1291 2067 1600 2126 suspicamur,
1648 2067 1726 2126 qui
1761 2066 1927 2113 foederi
1962 2067 2102 2113 nimis

284 2145 646 2190 adversarentur.

416 2236 500 2282 His
546 2237 685 2295 igitur
728 2236 837 2282 10013
894 2237 1085 2282 minime
1138 2236 1431 2292 adducimur,
1492 2239 1544 2282 ut
1606 2237 1781 2295 legatos
1827 2237 2100 2295 Argivorum

286 2316 540 2376 spectaculo
591 2314 853 2361 interfuisse
906 2329 1139 2374 negemus.
1220 2315 1368 2361 Immo
1415 2329 1518 2362 vero
1566 2318 1715 2361 totum
1749 2315 1932 2361 fabulae
1968 2329 2106 2374 argu-

285 2396 495 2439 mentum
531 2408 638 2438 cum
674 2394 903 2438 sententia
939 2396 1094 2438 nostra
1140 2394 1309 2452 optime
1355 2394 1576 2439 convenit.
1647 2393 1768 2438 Nam
1811 2393 1931 2452 quod
1963 2394 2106 2438 Athe-

285 2473 514 2518 niensium
541 2473 770 2517 cunctatio
794 2472 1060 2518 infirmitate
1095 2475 1141 2517 et
1163 2473 1473 2517 inconstantia
1495 2472 1769 2529 Argivorum
1794 2474 2038 2517 excusatur
2049 2473 2105 2531 4),

286 2551 467 2596 illorum
502 2550 706 2609 potentia
741 2564 937 2610 opesque
982 2552 1216 2610 tantopere
1260 2550 1601 2609 praedicantur,
1643 2549 1852 2595 Minerva
1884 2550 2108 2609 praecipit

423 2751 451 2798 1)
481 2738 535 2788 Cf'.
566 2750 698 2799 Suppl.
727 2763 765 2789 v.
798 2751 900 2788 1194
928 2762 985 2798 sq.
1016 2761 1121 2798 supr.
1153 2749 1216 2786 011.
1245 2760 1332 2797 pag.
1365 2749 1425 2785 12.

421 2816 450 2863 2)
480 2814 536 2854 Cf.
567 2815 701 2864 Suppl.
731 2828 769 2854 V.
801 2815 877 2854 220
897 2827 980 2864 300.
1008 2814 1111 2852 infra
1139 2814 1203 2852 cit.
1232 2825 1319 2863 pag.
1350 2813 1411 2852 27.

423 2881 452 2929 3)
482 2880 539 2918 Cf.
560 2880 602 2916 E.
624 2880 810 2918 Herodes.
866 2880 1010 2918 Politik
1038 2892 1114 2917 von
1140 2881 1265 2928 Argos
1292 2879 1346 2916 im
1366 2879 1737 2928 peloponnesischen
1759 2879 1914 2929 Kriege.
1970 2878 2107 2929 Progr.

287 2959 422 2996 gymn.
452 2945 649 2984 Halberst.
699 2945 800 2984 1866
828 2958 914 2995 pag.
945 2946 1006 2984 27.
1063 2945 1189 2983 Simili
1217 2945 1264 2982 de
1307 2957 1427 2983 causa
1468 2944 1578 2982 brevi
1620 2948 1709 2983 ante
1750 2944 1898 2994 legatos
1927 2944 2109 2994 Spartam

285 3013 478 3051 miserant
505 3012 611 3049 viros
640 3023 662 3049 a
690 3011 1088 3049 Lacedaemoniorum
1116 3010 1292 3060 partibus
1318 3012 1477 3048 stantes.
1535 3009 1591 3049 Cf.
1621 3010 1741 3049 Thuc.
1771 3010 1809 3047 V
1836 3010 1899 3059 40,
1929 3011 1965 3049 3.

420 3079 451 3127 4)
481 3076 537 3115 Cf.
570 3088 670 3126 quae
697 3077 799 3114 infra
826 3076 1113 3125 disputabimus
1141 3077 1188 3114 de
1218 3089 1255 3114 v.
1287 3076 1362 3114 129
1391 3087 1474 3125 300.
1504 3088 1543 3114 v,
1575 3075 1647 3113 187
1678 3087 1761 3124 sqq.
1792 3088 1878 3125 pag.
1909 3075 1958 3114 23
1988 3087 2073 3125 sqq.
