2281 3492
1156 60 1218 104 24

279 213 450 258 tionem
495 213 670 259 adferre
717 216 895 272 poterat
941 218 1023 261 aut
1067 217 1178 274 quid
1226 218 1466 271 intererat,
1514 216 1739 261 Adrastus
1783 216 1998 275 privatim
2038 228 2098 260 an

279 290 460 350 publice
508 291 738 338 venisset?
801 293 990 340 Rectius
1035 294 1177 353 igitur
1221 294 1333 341 haec
1368 294 1426 340 ad
1468 309 1540 341 res
1588 294 1795 354 publicas
1840 294 2097 341 referimus,

282 369 371 415 Sed
408 371 518 428 quid
554 371 640 415 sibi
676 372 815 417 velint
861 386 1146 431 quamquam
1180 387 1258 432 pro
1294 375 1416 418 certo
1457 373 1687 419 affirmare
1731 387 1822 418 11011
1857 372 2097 428 audemus,
2135 413 2136 416 ,

279 451 437 494 tamen
472 449 561 493 huc
603 450 829 507 pertinere
875 451 1003 496 nobis
1039 451 1263 496 videntur.
1345 450 1474 508 Quod
1508 451 1662 508 Argivi
1702 451 1859 496 eodem
1895 453 2098 509 tempore

280 529 325 573 et
360 541 467 573 cum
515 527 886 575 Lacedaemoniis
932 531 978 576 et
1026 544 1132 576 cum
1175 529 1529 576 Atheniensibus
1575 529 1630 576 de
1675 529 1851 576 foedere
1887 529 2098 587 agebant,

277 605 412 650 facile
448 606 502 650 iis
538 607 675 650 fidem
698 607 856 651 haberi
890 622 982 654 non
1016 622 1147 667 posse
1182 609 1239 653 ab
1275 608 1545 653 adversariis
1570 608 1687 652 obici
1719 609 1908 666 poterat.
1966 607 2103 652 Euri-

280 683 433 742 pidem
476 683 617 742 igitur
670 685 726 730 ad
772 686 1054 732 excusandos
1100 687 1288 745 Argivos
1332 686 1420 732 illis
1473 686 1623 731 verbis
1675 699 1858 732 monere
1902 685 2099 731 voluisse

285 762 489 820 suspicor
513 777 670 808 eorum
695 764 869 820 legatos
905 767 1016 810 tunc
1050 765 1244 810 Athenis
1270 767 1500 810 versantes
1537 778 1643 810 cum
1668 777 1852 809 summa
1874 766 2100 823 potestate

281 843 327 886 et
362 854 415 886 ex
455 855 681 887 consensu
721 842 922 889 universi
961 844 1111 903 populi
1151 843 1327 890 venisse
1347 844 1397 904 1),
1441 843 1488 888 id
1537 842 1656 902 quod
1701 843 1840 901 legati
1886 841 2101 902 Spartam

281 919 413 964 missi
458 919 512 965 de
550 935 597 965 se
632 920 893 979 praedicare
929 936 1018 967 non
1053 925 1275 981 poterant.
1344 922 1465 967 Nam
1500 922 1570 967 his
1606 923 1879 980 potestatem
1921 920 2101 978 agendi,

282 1011 371 1042 non
407 997 604 1043 faciendi
628 998 785 1044 foedus
812 1000 1107 1045 commissam
1132 1000 1271 1045 fuisse
1308 1014 1359 1046 ex
1395 1001 1451 1046 iis
1487 1014 1603 1059 quae
1625 999 1913 1058 Thucydides
1941 1000 2101 1044 narrat

282 1076 584 1133 cognoscitur.
654 1076 814 1133 Legati
860 1077 981 1122 enim
1018 1091 1134 1135 quae
1171 1077 1362 1135 Spartae
1405 1078 1527 1136 pacti
1571 1080 1722 1131 erant,
1766 1080 1820 1122 ut
1866 1090 1893 1121 a
1937 1076 2101 1135 populo

282 1153 556 1211 Argivorum
592 1156 693 1199 rata
727 1154 909 1208 fierent,
955 1155 1144 1200 domum
1190 1155 1490 1209 rettulerunt,
1537 1154 1656 1213 quod
1699 1155 1795 1200 sine
1831 1154 1968 1200 dubio
2011 1167 2104 1200 non

281 1230 510 1285 fecissent,
548 1232 586 1276 si
620 1232 814 1277 liberum
849 1233 902 1277 iis
938 1233 1101 1277 fuisset
1135 1233 1389 1286 arbitrium,
1426 1247 1532 1278 cum
1568 1235 1612 1277 et
1636 1232 2100 1277 Lacedaemoniorum

284 1310 330 1354 et
365 1309 656 1368 optimatium
691 1311 963 1369 Argivorum
1007 1310 1259 1370 plurimum
1295 1310 1534 1357 interesset
1578 1310 1735 1357 foedus
1781 1310 1894 1356 illud
1943 1310 2102 1357 statim

282 1389 441 1433 confici
461 1389 512 1448 2).
581 1389 739 1446 Neque
769 1389 923 1434 minus
959 1390 1006 1434 in
1041 1392 1255 1448 promptu
1290 1393 1359 1435 est
1393 1391 1611 1449 populum
1635 1390 1858 1447 Argivum
1892 1391 1947 1434 ut
1980 1389 2106 1447 lega-

280 1468 350 1510 tos
389 1464 602 1523 Spartam
637 1467 842 1511 mitteret
875 1469 978 1511 tum
1013 1467 1224 1521 demum,
1279 1481 1385 1512 cum
1430 1481 1610 1513 summo
1646 1481 1799 1513 rerum
1834 1466 2099 1512 discrimine

281 1547 583 1601 premeretur,
629 1545 686 1589 ab
722 1545 1021 1603 optimatibus
1057 1559 1155 1590 esse
1190 1545 1466 1604 impulsum,
1520 1545 1598 1603 qui
1634 1544 2099 1590 Lacedaemoniorum

281 1621 447 1667 auxilio
484 1622 541 1667 ad
589 1636 840 1681 paucorum
888 1623 1131 1682 imperium
1178 1637 1276 1669 rem
1311 1623 1543 1682 publicam
1588 1637 1635 1669 se
1678 1625 1966 1669 revocaturos
2002 1636 2102 1668 esse

281 1700 526 1758 sperabant
544 1701 594 1760 3).

411 1778 563 1824 Huius
598 1779 662 1824 rei
699 1779 1003 1825 Athenienses
1030 1794 1111 1825 suo
1152 1782 1354 1838 tempore
1390 1779 1626 1824 admoneri
1660 1792 1751 1824 non
1796 1780 1894 1824 erat
1926 1778 2101 1824 inutile.

279 1857 452 1904 Eodem
496 1857 587 1904 fere
639 1858 772 1904 modo
818 1859 959 1904 etiam
994 1859 1319 1918 Aristophanes
1366 1859 1502 1917 paulo
1549 1860 1654 1904 ante
1702 1858 1870 1904 civium
1917 1872 2104 1903 suorum

281 1936 458 1982 animos
505 1937 559 1982 de
607 1937 840 1996 explendis
894 1936 1116 1983 Nicianae
1173 1937 1298 1996 pacis
1351 1936 1689 1982 condicionibus
1741 1936 2101 1982 confirmaverat.

283 2013 400 2060 Cum
436 2016 558 2060 enim
594 2016 716 2061 inter
739 2016 1045 2061 Athenienses
1081 2018 1125 2060 et
1156 2015 1536 2060 Lacedaemonios
1571 2015 1870 2068 convenisset,
1905 2017 1958 2059 ut
1995 2015 2104 2059 sorti

282 2093 667 2147 committeretur,
715 2096 821 2139 utra
866 2093 1027 2138 civitas
1069 2093 1167 2138 loca
1201 2093 1319 2139 bello
1355 2094 1488 2152 capta
1523 2093 1645 2151 prior
1677 2092 1909 2146 redderet,
1962 2092 2104 2138 Athe-

284 2171 466 2217 nienses
504 2174 660 2217 autem
706 2186 762 2217 ne
797 2172 844 2218 id
881 2172 967 2218 sibi
1003 2174 1124 2217 esset
1159 2171 1441 2216 incommodo
1477 2171 1706 2225 timerent,
1743 2170 1897 2216 Nicias
1932 2171 2105 2228 legatos

418 2340 445 2383 ³)
473 2339 534 2377 Ita
562 2352 645 2376 rem
675 2351 717 2377 80
746 2339 931 2377 habuisse
960 2340 999 2376 et
1027 2350 1076 2375 ex
1112 2339 1168 2375 rei
1196 2338 1376 2388 publicae
1406 2338 1640 2388 Argivorum
1678 2338 1784 2375 statu
1822 2349 1867 2375 ac
1906 2337 2032 2375 forma
2068 2338 2107 2375 et

283 2404 373 2442 inde
402 2407 572 2454 apparet,
603 2406 706 2455 quod
736 2405 854 2455 legati
876 2405 1050 2443 Athenas
1078 2405 1189 2443 missi
1218 2416 1309 2442 cum
1329 2404 1403 2442 hac
1425 2405 1583 2442 civitate
1602 2404 1740 2442 foedus
1759 2403 1834 2452 ipsi
1854 2403 2106 2442 confecerunt

285 2471 586 2519 confectumque
630 2484 652 2509 a
693 2471 834 2520 populo
880 2472 1117 2521 Argivorum
1163 2474 1291 2508 ratum
1334 2470 1418 2507 11011
1460 2482 1557 2518 0[)118
1599 2455 1676 2507 non
1717 2470 1810 2508 erat.
1882 2468 1939 2507 Cf.
1983 2468 2104 2506 Thuc.

282 2536 320 2571 V
349 2536 400 2574 46
431 2548 486 2584 sq,

418 2597 448 2643 2)
479 2595 535 2633 Cf.
565 2595 686 2634 ThuO.
716 2595 751 2632 V
781 2596 844 2643 41,
875 2597 898 2633 3
935 2593 1110 2631 ἐκέλευον
1148 2592 1227 2632 δὀἱ
1255 2590 1592 2642 χΙακεδαιμόιΙιοι,
1630 2596 1728 2642 πρὶν
1761 2590 1871 2631 τέλος
1905 2606 1945 2628 τι
1974 2586 2107 2629 αὐτῶν

285 2662 411 2708 ἔχειν,
457 2663 493 2698 ἐς
529 2656 573 2695 τὸ
604 2656 738 2710 Ἄργος
774 2660 937 2709 πρῶτον
972 2657 1367 2708 ἐπαναχωρήσαντας
1403 2653 1543 2696 αὖτοὺς
1572 2656 1698 2699 δεῖξαι
1734 2657 1791 2704 τῷ
1826 2655 1997 2704 πλήθει,
2040 2662 2106 2693 καὶ

284 2721 334 2771 ἢν
364 2719 585 2774 ἀρέσκοντα
618 2716 651 2775 ᾗ,
683 2724 761 2761 κτλ.
817 2725 915 2763 Ibid.
945 2725 1008 2772 40,
1040 2726 1062 2762 3
1093 2723 1132 2761 οἱ
1161 2720 1477 2771 Λακεδαιμόνιοι
1508 2752 1513 2758 .
1546 2752 1552 2758 .
1587 2752 1593 2758 .
1624 2725 1806 2771 ἔπεμπον
1832 2717 1884 2761 ὡς
1913 2720 2106 2759 ἐὸίψαντο

283 2787 458 2838 τάχιστα
505 2793 542 2827 ἐς
582 2785 657 2835 τήν
686 2788 977 2838 Α’Ῐακεδαιζιιονα
1021 2792 1209 2836 πρέσβεις
1245 2783 1485 2838 Εὔστροφον
1525 2791 1590 2823 καὶ
1630 2788 1820 2831 Αἴσωνα,
1865 2786 1906 2823 οἳ
1945 2784 2108 2824 ἐδόκουν

282 2852 628 2905 προσᾳιλέστατοι
658 2849 792 2894 αὐτοῖς
822 2854 934 2897 εἶναι,
969 2849 1178 2906 ἡγούμενοι
1209 2856 1249 2890 ἐκ
1277 2852 1359 2890 τῶν
1387 2849 1602 2903 παρόντων
1628 2849 1822 2902 κράτιστα
1851 2847 1950 2902 πρὸς
1970 2853 2106 2888 Λακε-

282 2920 513 2968 δαιμονίοις
543 2915 719 2958 cummisi„-
742 2918 1019 2968 ποιησάμενοι,
1050 2915 1127 2971 ὅπῃ
1160 2915 1210 2955 ἂν
1239 2918 1429 2970 ξυγχωρῇ,
1460 2913 1631 2967 ἡσυχίαν
1651 2920 1767 2967 ἔχειν.
1814 2917 1865 2955 Et
1887 2917 1978 2956 ibid.
1999 2917 2062 2966 41,
2083 2917 2108 2954 3

276 2983 514 3035 ἐπεθύμουν
541 2980 619 3037 γὰρ
651 2985 719 3034 (SC.
751 2984 789 3021 οἱ
818 2983 1150 3035 Λακεδαιμόνιοι)
1179 2980 1225 3021 τὸ
1249 2980 1384 3036 Ἄργος
1411 2981 1573 3023 πάντως
1602 2981 1735 3034 φίλιον
1763 2984 1880 3033 ἔχειν.

413 3053 442 3101 3)
473 3051 529 3090 Cf.
561 3050 824 3089 Schneiderw.
859 3051 884 3089 1.
915 3063 947 3089 0.
979 3063 1065 3101 pag.
1096 3052 1158 3089 33.
1213 3051 1310 3088 Bus.
1339 3050 1364 3088 1.
1395 3062 1428 3088 0.
1457 3061 1543 3098 pag.
1577 3050 1663 3088 134.
