2281 3492
1164 75 1223 119 10

288 253 401 299 quos
436 240 489 283 ut
515 237 600 283 sibi
627 235 925 282 conciliarent
952 231 1301 279 Atheniensium
1330 232 1440 275 tunc
1471 228 1674 272 multum
1703 223 1962 270 interfuisse
1986 220 2108 266 infra

290 318 561 369 videbimus,
599 314 862 373 Euripidem
896 313 1010 356 haec
1035 309 1406 369 pronuntiantem
1443 320 1489 352 se
1525 303 1800 350 convertisse
1837 300 2039 360 suspicor
2057 301 2108 356 1).

422 407 598 454 Verum
634 406 775 452 etiam
810 405 895 451 alio
938 403 1021 448 has
1057 401 1344 446 Athenarum
1378 397 1541 444 laudes
1587 397 1790 455 spectare
1826 407 1879 440 ex
1922 391 2114 442 ratione,

291 501 409 547 quae
457 484 811 531 Atheniensibus
847 496 953 528 cum
987 479 1217 526 Thebanis
1253 478 1302 523 in
1348 476 1616 536 Supplicum
1657 473 1814 519 fabula
1859 469 2112 523 intercedit,

292 565 545 611 clarissime
593 564 754 609 elucet.
845 559 1039 619 Corpora
1092 558 1214 604 enim
1255 551 1826 601 occisorum'restituendi
1869 548 2113 600 recusatam,

293 644 444 702 qualis
488 643 536 687 in
584 641 740 687 fabula
786 638 963 696 vulgari
1009 637 1257 689 ferebatur,
1301 647 1407 680 cum
1450 633 1548 691 ipsa
1591 644 1758 688 magno
1803 629 1864 674 sit
1909 625 2117 673 dedecori

293 720 540 773 Thebanis,
576 723 733 763 tamen
770 716 1010 775 Euripides
1046 713 1249 759 consulto
1286 714 1423 769 atque
1467 710 1618 754 acrius
1664 711 1804 765 quam
1846 719 1925 764 pro
1959 717 2114 749 rerum

296 801 423 844 statu
468 798 576 842 data
619 795 957 854 opportunitate
993 794 1039 837 in
1086 805 1161 837 eos
1205 790 1354 835 invehi
1389 788 1580 832 videtur.
1648 785 1771 830 Nam
1806 782 2115 842 compluribus

297 875 406 920 locis
455 888 529 919 eos
573 874 620 917 in
655 885 870 931 praesens
907 870 1091 928 quidem
1128 866 1327 912 secunda
1361 865 1542 909 fortuna
1587 863 1669 915 uti,
1719 861 1797 906 sed
1833 873 1937 905 eam
1971 871 2119 916 aequo

298 955 451 1000 animo
486 953 603 998 ferre
639 966 729 997 non
765 964 894 1009 posse
931 949 1061 994 dicit:

367 1073 408 1103 v.
447 1057 554 1103 124.
699 1044 990 1110 ευτιχοῦντες
1026 1042 1109 1096 οὖκ
1147 1045 1435 1094 ἕπιστανται
1471 1044 1644 1109 φέρειν.

369 1164 409 1194 v.
447 1149 542 1193 463
580 1162 645 1205 sq.
699 1143 787 1208 φεῦ
822 1141 930 1206 φεῦ·
969 1144 1190 1187 κακοῖσιν
1226 1157 1290 1194 ως
1332 1130 1444 1183 όταν
1479 1136 1665 1195 δαίμων
1699 1133 1820 1196 διδιιι)

701 1220 871 1278 καλῶς,
909 1209 1145 1282 ἱβρίζουὶσ
1183 1210 1248 1273 ὡς
1280 1207 1355 1263 ἀεὶ
1391 1208 1653 1277 πράξοντες
1691 1229 1754 1259 ευ.

306 1332 418 1376 Esse
455 1330 661 1375 homines
704 1328 848 1373 malos
895 1340 947 1371 ac
983 1325 1214 1384 superbos,
1251 1322 1329 1381 qui
1363 1323 1564 1366 mortuos
1606 1320 1652 1364 in
1690 1318 1892 1377 sepulcro
1928 1315 2125 1361 condere

305 1411 543 1468 denegent,
589 1410 800 1453 sanctum
843 1404 1027 1464 hospitii
1062 1404 1134 1448 ius
1170 1401 1337 1448 nefarie
1372 1400 1595 1445 violantes
1630 1398 1753 1455 leges
1795 1396 1983 1441 deorum
2018 1407 2127 1439 con-

305 1489 517 1535 temnant
552 1488 596 1532 et
631 1485 837 1531 omnium
875 1482 1153 1530 Graecorum
1190 1479 1451 1526 communia
1487 1477 1701 1523 instituta
1735 1474 2022 1535 perturbent:

375 1607 414 1638 V.
455 1592 545 1638 743
583 1605 648 1650 sq.
1017 1579 1221 1647 ὓβρίζων
1248 1575 1290 1629 τ’
1328 1571 1476 1637 αὖθις
1510 1573 1822 1626 ἀνταπώλετο

707 1661 911 1725 Κάδμου
946 1657 1204 1726 κακόφρων
1237 1656 1365 1716 λαός.

376 1791 417 1821 v.
490 1775 549 1819 18
587 1788 653 1832 sq.
706 1766 916 1832 εἴργουσι
952 1760 994 1815 δ’
1033 1763 1077 1814 οἱ
1113 1764 1391 1828 κρατοῦντες
1427 1754 1524 1810 οὗδ)
1560 1754 1800 1823 άναίρεσιν

709 1846 870 1895 δοῦναι
910 1845 1124 1902 θέλουσι,
1162 1834 1322 1904 νόμιμ’
1359 1833 1599 1898 ἀτίζοντες
1634 1837 1776 1885 θεῶν.

378 1971 417 2001 v.
455 1957 548 2001 467
572 1969 668 2013 sqq.
713 1946 806 2014 ἐγὼ
843 1943 885 1997 δ’
921 1942 1130 1996 άπαυδῶ
1165 1947 1265 2003 πᾶς
1299 1963 1350 1992 τε
1386 1946 1632 2004 Καδμεῖος
1664 1937 1782 1998 λεως

698 2021 963 2092 Ἄδραστον
999 2063 1206 2074 .....

709 2103 917 2156 λίτσαντα
952 2100 1099 2167 σεμνὰ
1135 2097 1417 2166 στεμμάτων
1454 2095 1641 2166 ἷκτήρια

709 2178 843 2251 τῆσδ’
882 2179 1151 2243 ἐξελαύνειν.

380 2312 421 2343 v.
459 2297 552 2342 308
574 2309 670 2354 sqq.
713 2283 888 2354 ἄνδρας
920 2288 1109 2350 βιαίους
1142 2287 1225 2334 καὶ
1260 2283 1594 2349 κατείργοντας
1627 2277 1816 2346 νεκροὺς

709 2364 868 2434 τάφου
901 2385 952 2415 τε
984 2364 1157 2429 μοίρας
1190 2365 1273 2412 καὶ
1309 2357 1636 2427 κτερισμάτων
1669 2362 1827 2419 λαχεῖν

712 2441 892 2508 νόμιμά
926 2463 977 2493 τε
1012 2440 1174 2509 πάσης
1209 2442 1490 2506 συγχέοντας
1522 2434 1760 2495 Ἑλλάδος.

319 2558 441 2616 Quos
478 2571 567 2603 non
602 2558 746 2614 Argos
781 2556 980 2608 tantum,
1018 2552 1096 2599 sed
1131 2553 1277 2597 totam
1315 2548 1556 2595 Graeciam
1590 2544 1838 2604 ignominia
1874 2543 2080 2590 afficere:

387 2678 427 2708 v.
465 2663 557 2708 537
579 2676 675 2720 sqq.
712 2659 871 2714 δοκεῖς
905 2658 1185 2718 κακουργεῖν
1206 2646 1376 2716 Αργος
1411 2644 1464 2699 οὗ
1497 2645 1711 2698 θάπτων
1744 2642 1955 2713 νεκρούς,-

714 2730 908 2800 ἥκιστα·
946 2729 1109 2798 πάσης
1140 2727 1367 2787 Ἑλλάδος
1400 2723 1559 2776 κοινὸν
1591 2723 1715 2785 τόδε,

715 2813 757 2863 εἰ
792 2809 902 2872 τοίς
936 2807 1176 2869 θανὸντας
1210 2807 1448 2876 νοσφίσας
1483 2826 1546 2856 ων
1581 2807 1655 2856 δεῖ
1688 2807 1847 2867 λαχεῖν

717 2886 932 2958 ατάφοις
964 2911 1041 2948 τις
1075 2890 1183 2950 ἕᾞξει

456 3065 484 3116 1)
513 3064 602 3102 Vid.
632 3063 732 3101 infra
760 3074 846 3111 pag.
878 3062 927 3098 14
956 3072 1040 3109 sqq.
