2281 3492
1197 95 1259 139 44

323 247 638 311 θαρσοῦντας,
675 247 825 311 λέγων
859 248 1192 314 κατέπλησσεν
1228 248 1315 296 ἐπὶ
1359 244 1415 296 τὸ
1450 253 1733 314 φοβεῖσθαι,
1782 249 1865 297 καὶ
1920 243 2140 306 δεδιότας

322 316 381 372 αὖ
415 319 601 389 ἀλόγως
635 318 959 392 ἆντικαθίστη
1004 323 1154 375 πάλιν
1190 327 1275 375 ἐπὶ
1310 323 1366 375 τὸ
1410 331 1624 391 θαρσεῖν.
1673 322 1881 391 ἐγίγνετό
1926 345 1977 376 τε
2011 321 2137 391 λόγῳ

319 404 409 465 μὲν
444 403 755 469 δημοκρατία,
795 403 916 469 ἔργῳ
952 406 1006 454 δὲ
1040 400 1139 455 ὑπὸ
1184 407 1267 455 τοῦ
1301 401 1495 471 πρώτου
1529 398 1698 470 ἀνδρὸς
1741 399 1905 471 ἇρχή.“
1959 407 2136 467 Quibus

320 486 451 532 lectis
488 488 854 546 comparatisque
890 501 997 534 cum
1039 489 1094 534 iis
1130 503 1246 548 quae
1281 488 1518 548 EurIpides
1561 488 1790 534 Theseum
1827 488 2055 535 dicentem
2089 490 2134 534 et

319 567 557 622 gerentem
591 565 714 619 facit,
752 579 885 611 nemo
921 580 1012 612 non
1052 567 1222 613 videbit
1266 570 1447 627 poetam
1490 569 1535 612 et
1576 580 1730 612 rerum
1776 567 2040 626 scriptorem
2072 566 2138 612 ita

321 644 599 696 consentire,
642 647 695 690 ut
741 647 875 704 poeta
919 645 973 690 ad
1011 645 1198 692 Periclis
1242 660 1389 692 mores
1434 648 1479 692 et
1521 645 1643 691 facta
1682 645 1843 691 Thesei
1887 645 2136 703 imaginem

321 722 504 767 finxisse
539 722 813 768 iudicandus
850 723 920 769 sit.

460 828 560 873 Iam
597 828 635 874 si
671 829 958 887 quaerimus,
1003 843 1142 888 quare
1186 830 1231 875 in
1267 830 1352 876 hac
1399 829 1582 888 quidem
1616 829 1773 875 fabula
1817 843 1950 875 suam
1985 828 2040 875 de
2074 828 2139 875 rei

324 906 536 965 publicae
572 906 717 953 forma
766 921 819 953 ac
854 907 1094 967 disciplina
1131 909 1407 954 sententiam
1454 908 1707 968 protulerit,
1753 907 1942 954 foederis
1982 907 2137 967 Argivi

325 998 479 1038 causa,
517 986 563 1030 in
600 1000 687 1044 quo
725 1000 908 1031 summa
943 986 1081 1032 totius
1117 987 1297 1032 fabulae
1332 989 1548 1040 vertatur,
1591 987 1637 1031 id
1670 986 1846 1032 factum
1881 1000 1978 1032 esse
2013 985 2136 1031 haud

324 1063 506 1110 difficile
553 1066 622 1110 est
668 1065 917 1111 intellectu.
1002 1064 1123 1109 Nam
1169 1078 1275 1110 cum
1322 1065 1476 1123 Argivi
1520 1065 1653 1124 paulo
1706 1067 1810 1111 ante
1863 1064 2137 1110 Boeotorum

325 1143 580 1188 amicitiam
630 1143 715 1188 sibi
756 1157 915 1202 parare
968 1143 1276 1196 studuissent,
1328 1144 1629 1189 Athenienses
1682 1158 1784 1190 vero
1841 1144 2137 1202 ambigerent,

325 1224 484 1267 utrum
520 1235 679 1281 pacem
716 1236 821 1267 cum
859 1221 1094 1281 Spartanis
1130 1222 1291 1266 initam
1327 1224 1561 1267 servarent
1595 1235 1792 1280 cumque
1826 1221 2054 1268 Thebanis
2088 1221 2136 1267 in

323 1301 524 1357 gratiam
560 1300 758 1346 redirent
793 1314 851 1345 an
886 1301 1036 1359 potius
1061 1301 1331 1358 Argivorum
1357 1301 1621 1346 societatem
1658 1302 1968 1359 sequerentur,
2004 1304 2135 1359 poeta

323 1382 370 1424 et
406 1379 525 1424 cives
558 1392 662 1423 suos
699 1381 744 1423 et
768 1379 956 1436 Argivos
992 1378 1187 1424 monitos
1217 1379 1360 1423 voluit
1392 1378 1629 1425 Thebanos
1664 1392 1917 1438 paucorum
1951 1378 2137 1438 imperio

323 1457 611 1503 oboedientes
660 1471 805 1515 neque
840 1457 1191 1503 Atheniensium
1226 1471 1371 1516 neque
1405 1458 1699 1516 Argivorum,
1744 1458 1908 1517 quippe
1949 1457 2028 1516 qui
2062 1471 2140 1517 po-

321 1536 471 1595 pulari
504 1536 690 1595 imperio
715 1538 937 1595 parerent,
973 1550 1100 1582 veros
1136 1537 1307 1582 amicos
1343 1550 1441 1583 esse
1470 1550 1614 1596 posse,
1650 1536 1950 1582 Athenienses
1980 1538 2136 1582 autem

321 1619 462 1674 atque
486 1615 676 1673 Argivos
706 1615 804 1674 ipsa
832 1617 897 1661 rei
926 1615 1132 1674 publicae
1157 1615 1303 1661 forma
1338 1615 1396 1661 ad
1431 1615 1695 1661 societatem
1717 1615 1932 1661 intimam
1957 1614 2137 1661 adduci.

321 1693 481 1751 Neque
528 1694 618 1738 alia
663 1693 751 1738 fuit
796 1707 956 1746 causa,
1010 1708 1092 1739 cur
1136 1707 1293 1738 eorum
1337 1694 1488 1739 studia
1540 1694 1755 1739 laudibus
1808 1693 2004 1748 efferret,
2058 1693 2137 1751 qui

321 1771 556 1818 moderato
601 1771 753 1832 populi
797 1772 985 1831 imperio
1032 1771 1289 1818 studebant.
1377 1771 1588 1831 Namque
1635 1772 1799 1818 horum
1834 1784 2055 1817 consensu
2090 1772 2134 1817 et

321 1851 486 1896 auxilio
532 1850 688 1896 Nicias
731 1864 892 1910 pacem
938 1864 1044 1896 cum
1088 1851 1458 1896 Lacedaemoniis
1500 1850 1668 1896 fecerat
1685 1851 1743 1910 ¹),
1800 1850 1880 1895 hos
1922 1850 2062 1908 igitur
2108 1863 2135 1895 a

322 1929 454 1975 Nicia
490 1932 691 1975 avertere
717 1929 890 1988 sibique
927 1929 1165 1975 conciliare
1201 1929 1358 1974 debuit
1391 1929 1443 1983 is,
1480 1929 1559 1987 qui
1582 1929 1709 1974 illam
1743 1942 1904 1988 pacem
1927 1928 2136 1974 dirimere

321 2012 367 2053 et
413 2008 467 2053 ad
517 2008 787 2065 Argivorum
832 2008 990 2054 foedus
1025 2008 1326 2053 Athenienses
1371 2007 1615 2066 perducere
1650 2007 1840 2053 volebat.
1909 2006 1964 2052 In
1999 2006 2134 2052 huius

320 2087 462 2146 partis
509 2087 644 2133 solius
690 2089 913 2147 potestate
960 2088 1076 2142 erat,
1128 2086 1285 2133 foedus
1329 2085 1439 2132 illud
1494 2086 1622 2133 fieret
1673 2099 1838 2140 necne;
1891 2085 2134 2146 optimates

320 2165 443 2210 enim
497 2166 544 2210 in
600 2165 877 2224 acquirenda
933 2166 1003 2210 vel
1057 2165 1363 2210 conservanda
1421 2164 1882 2210 Lacedaemoniorum
1934 2164 2136 2209 amicitia

320 2258 500 2302 semper
536 2245 622 2289 sibi
658 2245 930 2289 constabant
964 2258 1111 2301 neque
1147 2244 1185 2289 ei
1221 2244 1403 2289 consilio
1440 2244 1669 2289 conciliari
1707 2245 1918 2302 poterant
1932 2243 1982 2303 2),
2017 2243 2138 2288 mul-

318 2321 565 2368 titudinem
608 2321 655 2367 in
700 2335 771 2368 res
807 2335 945 2368 novas
981 2321 1139 2382 utique
1174 2321 1394 2382 prolixam
1438 2320 1666 2368 conciliari
1700 2334 1811 2380 opus
1846 2334 1935 2367 non
1970 2322 2068 2367 erat
2081 2321 2134 2381 3).

319 2401 392 2445 Ita
429 2404 586 2446 autem
622 2401 868 2445 moderatis
906 2401 1078 2446 civibus
1114 2415 1203 2445 non
1240 2401 1387 2445 solum
1423 2401 1638 2453 adsensit,
1681 2400 1759 2445 sed
1794 2400 1959 2445 horum
1994 2413 2134 2444 causa

317 2480 364 2524 in
413 2479 737 2525 conscribenda
771 2479 927 2524 fabula
962 2479 1102 2525 etiam
1146 2479 1299 2524 omnia
1334 2479 1538 2525 consulto
1574 2479 1742 2524 vitasse
1776 2478 1978 2532 videtur,
2019 2491 2136 2536 quac

317 2571 477 2605 eorum
525 2557 701 2604 animos
737 2556 1026 2604 offenderent.
1095 2556 1324 2618 Euripidis
1376 2556 1498 2603 enim
1542 2555 1797 2616 tragoedias
1842 2554 2136 2616 perlustranti

319 2638 487 2696 ubique
532 2639 778 2682 occurrunt
823 2637 962 2682 libera
1014 2637 1092 2681 illa
1144 2640 1281 2695 atque
1326 2649 1486 2695 aspera
1532 2636 1585 2681 de
1620 2636 1755 2682 rebus
1800 2635 1994 2681 summis
2037 2638 2136 2680 tam

318 2717 482 2762 divinis
524 2732 664 2775 quam
703 2716 920 2761 humanis
955 2715 1123 2761 iudicia
1163 2715 1473 2761 multitudinis
1508 2715 1704 2775 opinioni
1738 2730 1923 2775 prorsus
1957 2716 2137 2761 contra-

455 2945 481 2991 1)
511 2944 566 2982 Cf.
596 2944 700 2983 Plut.
731 2944 818 2982 Nic.
849 2943 921 2982 IX.

453 3023 483 3072 2)
512 3022 568 3061 Cf.
600 3022 758 3062 Hertzb.
787 3022 813 3062 l.
844 3035 876 3062 c,
905 3034 991 3072 pag.
1023 3022 1084 3060 79.

452 3104 481 3153 3)
513 3102 569 3141 Cf.
599 3102 694 3141 Bus.
728 3102 753 3141 1.
783 3115 815 3141 c.
846 3114 930 3152 pag.
963 3102 1024 3141 95.
1081 3100 1240 3140 Beloch.
1270 3100 1295 3139 l.
1325 3113 1356 3140 c.
1387 3113 1473 3152 pag.
1505 3102 1565 3140 14.
