2281 3492
330 851 622 935 Euripidem
657 875 744 920 etsi
777 875 922 920 vitam
957 888 984 920 a
1017 888 1065 920 re
1093 875 1275 934 publica
1298 876 1522 920 remotam
1546 874 1782 932 musisque
1806 874 2009 920 deditam

196 967 379 1012 semper
413 953 577 1013 egerit,
625 953 764 998 nihilo
807 953 961 997 minus
996 966 1113 1011 quae
1149 954 1195 998 et
1229 952 1351 998 domi
1385 954 1433 997 et
1465 952 1572 997 belli
1605 952 1883 1010 gerebantur
1914 952 2010 997 acri

195 1031 380 1089 ingenio
415 1031 677 1076 observasse
714 1043 988 1089 summaque
1022 1043 1156 1089 opera
1191 1030 1360 1076 civium
1396 1043 1583 1075 suorum
1615 1029 1753 1076 saluti
1776 1029 2009 1075 consulere

198 1108 433 1154 studuisse
477 1108 659 1153 fabulae
705 1108 801 1154 eius
847 1108 957 1153 satis
1000 1107 1326 1154 demonstrant.
1396 1107 1670 1166 Saepissime
1706 1107 1829 1154 enim
1862 1110 2009 1166 poeta,

198 1187 363 1247 quippe
387 1187 463 1233 cui
492 1187 551 1232 ad
576 1189 845 1245 suggestum
880 1186 1031 1232 aditus
1055 1201 1149 1232 non
1171 1187 1360 1246 pateret,
1399 1200 1612 1232 scaenam
1635 1186 1683 1231 in
1706 1200 1844 1232 usum
1870 1200 2008 1232 suum

196 1265 445 1320 convertit,
497 1265 617 1311 unde
662 1279 777 1324 quae
820 1279 844 1311 e
887 1265 1119 1324 republica
1163 1279 1261 1310 esse
1307 1265 1495 1311 sentiret
1537 1279 1642 1310 cum
1677 1265 1851 1310 civibus
1886 1278 2010 1310 com-

197 1343 481 1397 municaret,
538 1343 603 1389 ita
653 1345 706 1389 ut
756 1343 802 1388 in
852 1343 1025 1402 pulpito
1075 1357 1147 1388 res
1197 1343 1404 1402 publicas
1456 1345 1609 1401 ageret
1659 1356 1807 1401 neque
1857 1343 2008 1400 magis

198 1422 357 1480 poetae
402 1421 566 1478 tragici
607 1434 746 1479 quam
788 1420 872 1465 viri
918 1421 1124 1466 civilibus
1172 1420 1349 1465 artibus
1392 1420 1667 1479 praestantis
1710 1422 1862 1479 partes
1908 1434 2011 1465 sus-

198 1498 379 1559 ciperet.

335 1588 470 1635 Hanc
514 1591 670 1635 autem
713 1589 974 1635 fabularum
1015 1602 1122 1634 cum
1154 1589 1290 1634 rebus
1324 1589 1517 1648 publicis
1553 1589 1913 1635 coniunctionem
1949 1589 2008 1634 ab

198 1667 402 1726 antiquis
448 1667 741 1727 scriptoribus
783 1668 830 1713 et
864 1667 1044 1713 scholiis
1079 1667 1236 1713 leviter
1281 1669 1465 1713 tantum
1512 1667 1801 1726 perstrictam
1818 1668 1852 1727 1)
1900 1667 2009 1713 sub-

198 1746 327 1791 tilius
364 1746 625 1804 cognovisse
660 1758 768 1791 cum
803 1745 861 1790 ad
894 1746 1156 1791 universam
1189 1745 1394 1790 fabulam
1427 1745 1781 1803 intellegendam
1804 1748 2011 1804 tempus-

202 1838 291 1883 que
327 1838 414 1883 quo
450 1826 553 1869 acta
588 1823 796 1869 videatur
829 1823 1316 1877 circumscribendum,
1351 1826 1454 1868 tum
1490 1823 1548 1868 ad
1580 1823 1701 1869 locos
1736 1823 2008 1869 difficiliores

199 1904 247 1947 et
294 1904 528 1961 suspectos
570 1904 691 1947 recte
736 1901 1097 1960 interpretandos
1143 1902 1396 1960 plurimum
1437 1902 1586 1947 valere
1640 1902 1881 1947 clarissimi
1925 1902 2010 1947 viri

200 1980 458 2029 Boeckhius
477 1980 511 2041 2)
551 1978 605 2025 G.
630 1979 926 2024 Hermannus
942 1980 977 2040 3)
1015 1979 1284 2038 Hartungus
1302 1980 1338 2040 4)
1371 1979 1609 2038 Bergkius‚
1636 1980 1713 2025 alii
1730 1980 1765 2040 5)
1793 1982 1839 2026 et
1860 1979 2010 2025 verbis

338 2201 366 2251 1)
396 2201 456 2239 Ne
492 2201 567 2239 hoc
604 2201 763 2250 quidem
800 2202 949 2239 factum
977 2212 1062 2238 esse
1091 2201 1184 2238 dicit
1212 2200 1418 2239 Guetzlaff.
1462 2200 1743 2247 Quaestionum
1780 2201 1827 2238 de
1854 2201 2014 2250 tragicis

202 2277 265 2304 res
301 2268 431 2317 gestas
474 2266 537 2304 sui
577 2253 762 2315 temporis
798 2266 1096 2315 respicientibus
1133 2265 1319 2315 epicrisis.
1375 2265 1478 2304 Diss.
1515 2266 1645 2315 inaug.
1674 2265 1762 2304 Hal.
1795 2265 1895 2304 1865
1925 2278 2013 2315 pag.

204 2331 229 2369 2
257 2342 341 2381 sqq.
397 2330 523 2378 Quem
550 2331 749 2380 redarguit
776 2330 905 2370 Gualt.
935 2330 1125 2370 Schmidt.
1168 2330 1256 2377 Qua
1289 2331 1437 2369 ratione
1464 2330 1671 2379 Eulipides
1698 2342 1760 2368 res
1789 2343 1862 2369 sua
1889 2321 2024 2369 aetate

202 2398 334 2447 gestas
371 2395 594 2435 adhibuerit
620 2395 661 2433 in
689 2395 905 2434 Heraclidis
933 2395 1181 2445 potissimum
1209 2396 1419 2446 quaeritur.
1473 2396 1577 2434 Diss.
1605 2396 1735 2446 inaug.
1790 2395 1878 2434 Hal.
1913 2396 2011 2434 1881

202 2473 289 2511 pag.
321 2462 344 2500 5
381 2461 505 2500 citans
532 2460 731 2500 Plutarch.
768 2472 828 2510 ap.
856 2461 1028 2500 Boeckh.
1058 2460 1193 2500 Graec.
1222 2463 1319 2511 trag.
1347 2461 1467 2510 princ.
1496 2473 1582 2510 pag.
1614 2462 1700 2499 179.
1756 2461 1842 2499 Dio.
1873 2461 2013 2511 Chrys.

201 2537 257 2565 or.
287 2525 338 2565 52
365 2527 387 2575 ξ
417 2526 477 2565 11.
533 2525 662 2564 Schol.
691 2526 740 2564 ad
768 2525 864 2564 Hec.
895 2525 1122 2564 254—257
1153 2528 1192 2563 et
1219 2525 1267 2563 ad
1296 2524 1419 2563 Orest.
1451 2525 1537 2562 772.

336 2604 366 2653 2)
395 2603 452 2643 Cf.
483 2603 617 2643 Graec.
645 2604 743 2653 trag.
771 2603 893 2652 pn‘nc.
948 2602 1124 2642 Heidelb.
1159 2602 1281 2645 1808.
1318 2614 1395 2652 quo
1431 2602 1528 2641 libro
1564 2603 1627 2640 vir
1660 2602 1728 2641 ille
1764 2604 2016 2642 doctissimus

203 2669 356 2719 primus
383 2669 487 2707 tecta
512 2681 645 2706 rerum
672 2668 919 2717 publicarum
946 2668 989 2706 in
1016 2668 1223 2718 tragoediis
1250 2668 1416 2718 vestigia
1443 2667 1626 2706 subtilius
1655 2668 1866 2719 indagavit.

336 2747 366 2796 ³)
396 2746 452 2786 Cf.
482 2746 566 2785 eius
595 2746 783 2794 editiones
810 2745 973 2785 fabular.
1002 2745 1176 2795 Euripid.
1231 2745 1336 2795 Lips.
1368 2745 1470 2785 1800
1498 2757 1581 2796 sqq.

338 2825 369 2874 4)
399 2824 454 2863 Cf.
483 2824 619 2873 Eurip.
647 2824 851 2863 restitutus
880 2824 963 2863 sive
991 2825 1223 2874 scriptorum
1251 2824 1385 2873 Eurip.
1413 2824 1637 2874 ingeniique
1673 2837 1857 2875 censura,
1897 2838 2016 2876 quam

200 2890 297 2928 fecit
322 2889 354 2929 Ι.
384 2890 429 2929 A.
459 2888 700 2939 Hartungus.
755 2887 897 2928 Hamb.
928 2887 1041 2928 1843.
1070 2889 1133 2928 44.

335 2969 367 3016 ⁵)
396 2967 453 3007 Cf.
474 2967 576 3005 Hist.
603 2966 678 3005 litt.
699 2966 833 3006 Graec.
861 2968 954 3005 tom.
982 2966 1043 3005 111
1070 2979 1151 3006 cur.
1177 2967 1287 3007 Gust.
1307 2966 1506 3007 Hinriohs.
1562 2967 1689 3008 Berol.
1713 2968 1827 3009 1884.
1882 2969 2017 3008 Eiusd.

202 3034 277 3072 Die
304 3033 628 3083 Absassungszeit
662 3032 731 3070 der
758 3031 1030 3070 Andromache
1068 3032 1136 3071 des
1163 3031 1382 3086 Euripides.
1434 3032 1569 3073 Herm.
1597 3032 1739 3072 XVIII
1768 3033 1901 3083 (1883)
1932 3047 2020 3085 pag.

203 3098 281 3138 487
298 3110 382 3148 sqq.
400 3122 449 3126 —
463 3097 651 3148 Reliquos
672 3097 739 3147 qui
753 3097 794 3135 in
808 3097 882 3136 hac
896 3109 938 3135 re
952 3098 1098 3136 versati
1113 3099 1205 3136 sunt
1220 3099 1424 3137 enumerat
1441 3098 1484 3138 G.
1502 3097 1692 3138 Schmidt.
1714 3099 1738 3138 1.
1761 3112 1793 3139 0.
1814 3112 1901 3151 pag.
1923 3101 1946 3139 3
1961 3112 2020 3150 sq.

1705 3165 1769 3211 1*
