2281 3492
1110 97 1171 141 29

240 273 387 319 neque
412 271 510 304 esse
535 270 617 302 cur
639 256 721 310 illi,
758 255 921 314 quippe
943 253 1035 312 <*qui
1059 253 1211 298 essent
1233 250 1438 297 homines
1468 250 1646 296 infirmo
1671 251 1807 309 atque
1838 248 2054 295 mutabili

239 337 435 397 ingenio,
469 335 524 380 de
559 333 909 379 Atheniensium
944 331 1153 377 cautione
1189 332 1235 375 et
1268 329 1555 374 cunctatione
1590 330 1988 386 conquererentur.

372 415 502 460 Idem
532 413 624 459 fere
650 413 698 457 in
726 426 776 457 eo
803 411 952 456 valere
981 409 1172 463 videtur,
1208 407 1327 466 quod
1353 406 1583 452 Theseum
1611 407 1800 464 Argivos
1831 405 2051 451 auxilium

242 494 541 553 implorantes
596 490 722 536 initio
781 502 937 548 aspere
993 487 1312 547 repudiantem
1367 484 1477 531 facit
1492 485 1554 545 1);
1617 485 1683 530 ita
1740 484 1862 530 enim
1919 497 2054 541 agere

241 571 446 618 moribus
491 569 667 621 Thesei,
716 567 865 627 qualis
908 566 955 611 in
989 565 1200 611 universa
1245 564 1402 609 fabula
1437 566 1635 622 apparet,
1680 562 1860 607 omnino
1896 562 2056 607 adver-

244 639 384 695 satur.
453 647 581 693 Adde
617 646 736 705 quod
771 659 865 690 una
900 643 1110 701 denegati
1144 642 1299 688 auxilii
1334 654 1474 687 causa
1502 654 1641 698 quam
1670 640 1871 685 Theseus
1906 639 2057 684 adfert

242 727 491 786 multisque
542 724 689 771 verbis
739 722 919 783 exponit
962 721 1092 767 nihili
1137 720 1228 767 fere
1264 721 1334 766 est
1350 719 1409 780 2);
1462 732 1571 763 nam
1615 718 1733 777 quod
1777 717 1932 776 Argivi
1982 731 2057 763 ex-

243 806 518 866 peditionem
570 806 727 849 contra
766 802 944 848 Thebas
999 800 1153 845 invitis
1206 799 1292 844 diis
1347 800 1645 857 susceperunt
1700 811 1806 842 eum
1865 796 2055 841 minime

243 884 466 930 exsolvere
500 884 650 942 potest
692 880 874 940 pietatis
916 892 1026 936 erga
1067 880 1271 923 mortuos
1317 876 1484 929 officio,
1530 875 1576 919 id
1622 875 1741 932 quod
1784 875 1915 919 heros
1952 874 2056 918 aliis

244 963 353 1008 10018
395 962 490 1020 11180
532 960 768 1020 profitetur
780 959 831 1017 3).
912 956 1130 1002 Cunctari
1164 969 1267 1012 ergo
1302 954 1530 999 Theseum
1564 955 1795 1012 putamus,
1830 954 1882 997 ut
1916 952 2057 997 Athe-

244 1041 424 1086 nienses
459 1039 618 1085 foedus
655 1051 760 1082 cum
790 1035 969 1094 Argivis
1004 1034 1150 1080 facere
1184 1032 1307 1078 haud
1342 1035 1511 1079 temere
1547 1033 1814 1076 cunctantes
1850 1030 2057 1076 excusari

245 1119 558 1177 designentur.

384 1223 426 1269 5.
497 1222 690 1267 Restant
734 1220 870 1265 verba
916 1219 1080 1277 quibus
1127 1217 1297 1263 Aethra
1341 1216 1568 1261 Theseum
1612 1214 1784 1269 filium,
1838 1228 1893 1259 ne
1941 1213 2061 1258 desit

247 1302 428 1359 Argivis
463 1300 735 1359 petentibus,
770 1298 987 1356 impellit:

569 1382 693 1451 ὁρᾷς,
730 1378 933 1447 ἄβουλος
967 1374 1031 1441 (ὃς
1065 1381 1438 1447 κεκερτομημένη

568 1468 672 1521 τοῖς
705 1462 986 1527 κερτομοῦσι
1022 1456 1188 1526 γοργὸν
1223 1455 1287 1518 (ὃς
1321 1453 1584 1521 ἀναβλέπει

563 1538 621 1608 σὴ
656 1539 856 1606 πατρίς,·
898 1541 947 1587 ἕν
981 1536 1067 1604 γὰρ
1101 1543 1204 1597 τοῖς
1238 1534 1461 1586 πόνοισιν
1495 1529 1684 1596 daignac
1700 1541 1751 1600 4).

383 1632 586 1691 Quorum
621 1631 675 1677 de
711 1629 1022 1677 emendatione
1048 1640 1331 1687 quamquam
1360 1626 1436 1671 alii
1461 1625 1586 1670 aliud
1611 1626 1864 1677 senserunt,
1902 1625 2058 1669 tamen

247 1711 474 1759 sententia
518 1712 657 1770 plana
701 1711 791 1755 est:
840 1707 991 1762 „vides
1026 1707 1242 1761 Athenas,
1279 1719 1392 1763 quas
1426 1704 1561 1761 vulgo
1597 1706 1838 1761 tamquam
1861 1703 2062 1748 inconsi-

247 1790 565 1836 deratissimas
622 1787 914 1840 cavillantur,
968 1784 1276 1830 cavillationes
1327 1783 1444 1828 truci
1496 1782 1622 1827 oculo
1674 1783 1988 1827 contemnere“
2008 1781 2062 1840 5).

245 1870 398 1927 Atque
444 1865 754 1912 Zirndorferus
801 1865 855 1910 de
899 1864 956 1909 iis
1000 1864 1065 1908 ita
1110 1862 1201 1908 fere
1246 1861 1441 1915 iudicat,
1492 1862 1613 1906 recte
1658 1859 1715 1904 ad
1751 1859 1871 1904 hunc
1905 1859 2060 1904 locum

249 1946 573 1991 Marklandum
609 1944 915 1996 adnotavisse‚
969 1941 1232 2000 „politicum
1278 1939 1450 1997 aliquid
1501 1938 1606 1983 huic
1653 1937 1906 1982 sententiae
1956 1937 2065 1981 sub-

250 2028 403 2078 esse“,
447 2024 493 2069 et
538 2022 625 2068 sibi
673 2020 858 2081 quidem
903 2033 956 2066 ea
1002 2019 1138 2065 verba
1182 2017 1240 2064 ad
1273 2017 1395 2063 idem
1438 2018 1619 2075 tempus
1666 2016 1867 2074 spectare
1901 2013 2063 2068 videri,

250 2117 338 2162 quo
373 2101 674 2147 Athenienses
722 2114 748 2144 a
792 2098 1182 2151 Lacedaemoniis,
1235 2098 1289 2141 ut
1334 2096 1380 2140 iu
1427 2095 1602 2140 foedere
1650 2094 1880 2139 sancitum
1929 2095 2065 2144 esset,

250 2181 515 2226 'Panactum
552 2178 739 2237 quidem
775 2176 1045 2236 receperint,
1099 2175 1177 2221 sed
1213 2174 1398 2220 demum
1445 2187 1550 2219 cum
1585 2186 1612 2217 a
1646 2171 1828 2217 Boeotis
1864 2171 2068 2217 deletum

250 2260 392 2311 esset,
457 2257 521 2302 ita
580 2258 634 2301 ut
684 2269 731 2301 re
788 2268 896 2300 vera
941 2249 1316 2315 κεκερτομημένη
1366 2251 1716 2297 Atheniensium
1762 2249 1922 2294 civitas
1974 2248 2067 2293 dici

248 2336 444 2395 potuerit
461 2337 512 2394 G).
591 2334 740 2379 Huius
787 2335 944 2378 autem
992 2333 1266 2377 sententiam
1312 2333 1432 2376 stare
1487 2345 1574 2375 non
1623 2342 1752 2388 posse
1794 2328 1864 2372 vel
1910 2341 1962 2372 ex
2007 2327 2065 2371 iis

251 2427 368 2474 quae
415 2413 670 2472 sequuntur
714 2407 763 2455 ἐν
808 2402 895 2471 γὰρ
939 2410 1043 2464 τοῖς
1085 2401 1310 2454 πόνοισιν
1356 2396 1546 2464 &Ag-‘emt
1582 2407 1693 2452 satis
1729 2405 1888 2451 elucet.
1970 2402 2066 2449 8110

250 2493 390 2551 igitur
423 2492 521 2537 iure
557 2489 828 2536 Zirndorferi
862 2489 1119 2548 opinionem
1153 2488 1308 2533 reiecit
1343 2485 1716 2544 Guetzlaffius7),
1766 2484 1844 2542 qui
1879 2485 2065 2542 poetam

385 2632 413 2681 1)
443 2632 499 2670 Cf.
529 2631 664 2680 Suppl.
694 2643 732 2669 v.
764 2630 839 2668 ‘246
867 2641 949 2678 sqq.

383 2698 412 2747 2)
442 2697 497 2736 Cf.
527 2708 625 2746 quos
653 2708 772 2745 supra
799 2695 1007 2733 citavimus
1035 2707 1073 2733 v.
1104 2693 1179 2732 219
1208 2705 1291 2741 sqq.

382 2764 413 2810 3)
443 2762 499 2801 Cf.
527 2775 565 2801 v,
595 2773 703 2811 supr.
732 2761 795 2799 cit.
826 2761 899 2799 561
931 2771 1014 2809 sqq.

383 2831 414 2877 4)
443 2827 577 2876 Suppl.
607 2839 644 2865 v,
675 2826 748 2864 321
779 2837 862 2875 sqq.

383 2893 414 2940 5)
442 2893 497 2932 Cf.
528 2891 749 2929 Wilamow.
778 2890 803 2928 l.
834 2902 866 2928 c.
894 2901 981 2939 pag.
1011 2889 1072 2927 93.
1129 2888 1238 2926 Hart.
1267 2887 1361 2925 Eur.
1390 2888 1481 2925 rest.
1512 2886 1552 2924 Π
1581 2898 1666 2935 pag.
1699 2886 1761 2924 90.
1816 2885 1873 2923 Id.
1930 2885 2070 2933 Suppl.

249 2960 339 2999 adn.
370 2959 419 2998 ad
448 2972 487 2998 v.
517 2958 603 2997 320.

384 3024 415 3073 6)
444 3024 499 3062 Cf.
530 3023 657 3061 Zirnd.
688 3021 713 3060 1.
744 3033 777 3060 0.
805 3032 892 3070 pag.
922 3020 983 3058 54.

387 3089 416 3139 7)
445 3088 556 3138 Cf.‚1.
587 3100 620 3127 0.
648 3099 734 3137 pag.
764 3086 799 3125 3.
