2281 3492
1146 103 1207 148 36

278 283 386 315 rum
431 267 690 314 condicione
735 263 998 309 fabularum
1042 260 1311 319 argumenta
1354 257 1543 315 elegisse
1597 255 1776 300 0003101
1793 254 1827 313 ¹)
1851 286 1864 307 ,
1911 249 2096 297 omissis

282 346 573 406 Supplicibus
625 341 998 388 Andromacham
1050 338 1280 398 scripsisse
1331 334 1573 381 verisimile
1625 334 1715 385 est,
1768 343 1884 389 quae
1935 327 2094 374 fabula

280 427 347 472 ira
396 424 584 483 odioque
628 423 677 468 111
720 420 968 481 Spartanos
1023 417 1227 465 abundat
1280 417 1337 471 et,
1380 416 1433 459 ut
1479 411 1702 472 Bergkius
1751 406 2098 461 demonstravit,

281 519 398 551 anno
433 504 528 549 422
566 504 669 548 acta
705 503 776 547 est
792 500 843 561 2).

415 635 505 682 Sed
531 637 766 692 utcunque
800 645 874 677 res
911 644 958 677 se
993 630 1146 678 habet,
1179 627 1384 673 fabulam
1419 623 1650 670 nonnullis
1686 621 1816 666 annis
1852 621 1957 665 ante
1993 631 2102 663 con-

283 718 463 775 ceptam
488 727 606 760 anno
632 713 726 758 420
752 712 922 757 iterum
952 707 1177 760 tractavit,
1212 708 1266 752 ut
1300 703 1567 762 argumento
1601 700 1707 746 huic
1741 697 1934 758 tempori
1968 709 2097 742 acco-

281 793 515 840 mmodato
550 791 707 837 foedus
733 789 1005 846 Argivorum
1028 784 1378 832 commendaret.
1447 780 1568 826 Huic
1602 778 1785 824 consilio
1821 778 1977 822 autem
2012 775 2094 820 illa

285 885 427 932 quam
462 870 702 930 aptissima
737 870 859 921 erat,
896 879 1002 912 cum
1045 864 1286 921 utriusque
1320 859 1535 919 temporis
1571 857 1769 904 condicio
1805 854 1966 901 eadem
2000 852 2094 899 fere

285 953 420 998 esset.
488 948 700 1007 Namque
734 946 962 992 Thebanis
998 942 1295 989 Athenienses
1331 953 1449 985 anno
1485 938 1578 983 420
1619 950 1707 982 non
1741 934 1893 980 minus
1927 931 2095 978 infensi

285 1030 468 1090 010013)
520 1041 661 1088 quam
707 1040 827 1073 anno
863 1024 982 1078 424;
1029 1024 1074 1069 et
1108 1022 1227 1067 sicut
1264 1018 1389 1066 brevi
1426 1019 1527 1078 post
1565 1028 1768 1076 pugnam
1811 1012 1869 1059 ad
1907 1010 2096 1059 Delium

285 1108 582 1155 commissam
629 1119 737 1151 cum
773 1102 1008 1162 Spartanis
1041 1100 1243 1145 indutias
1288 1098 1509 1149 fecerant,
1551 1096 1617 1140 ita
1661 1094 1800 1139 etiam
1843 1094 1945 1137 tum
1989 1103 2098 1136 cum

284 1186 448 1232 iisdem
482 1198 642 1245 pacem
665 1182 908 1234 habebant,
942 1179 1000 1224 ad
1028 1191 1168 1237 quam
1193 1174 1464 1222 servandam
1498 1186 1547 1218 eo
1576 1172 1671 1230 ipso
1706 1173 1906 1228 tempore
1941 1168 2095 1213 Nicias

288 1265 478 1325 Spartae
516 1263 694 1321 agebat.
762 1260 830 1305 Ex
867 1272 954 1317 quo
1000 1270 1155 1303 rerum
1190 1256 1315 1300 statu
1354 1252 1494 1299 etiam
1537 1249 1667 1296 facile
1702 1248 1972 1308 explicatur,
2016 1259 2100 1292 cur

287 1343 527 1402 Euripides
573 1341 620 1386 in
655 1336 1034 1385 Lacedaemonios
1069 1348 1161 1380 non
1207 1332 1355 1378 acrius
1390 1331 1595 1376 invectus
1632 1328 1692 1374 sit
1725 1327 1773 1372 in
1806 1327 1892 1371 hac
1926 1324 2095 1379 fabula,

290 1421 505 1482 quoniam
540 1416 733 1465 dubium
768 1417 885 1469 erat,
939 1413 1047 1473 quid
1082 1412 1147 1458 illi
1180 1411 1228 1456 in
1263 1409 1415 1456 animo
1448 1408 1690 1461 haberent,
1746 1406 1904 1450 utrum
1937 1402 2098 1449 Niciae

287 1500 650 1560 obtemperarent
700 1510 840 1542 necne
853 1496 904 1555 4).
973 1492 1132 1551 Neque
1181 1491 1228 1536 in
1273 1489 1462 1548 Argivos
1506 1486 1688 1540 fabula,
1740 1483 1924 1543 qualem
1958 1483 2099 1529 antea

288 1580 481 1627 scribere
531 1576 818 1628 instituerat,
870 1572 1035 1619 infensi
1079 1570 1221 1616 animi
1273 1567 1468 1628 speciem
1514 1578 1620 1625 prae
1665 1577 1712 1610 se
1760 1562 1876 1609 ferre
1936 1560 2099 1622 potuit.

288 1660 450 1718 Itaque
485 1656 571 1703 levi
605 1654 859 1701 mutatione
895 1665 1007 1711 opus
1043 1652 1154 1703 erat,
1189 1650 1243 1694 ut
1277 1646 1437 1694 eadem
1470 1644 1625 1690 fabula
1672 1642 1952 1702 temporibus
1986 1653 2103 1699 pau-

287 1738 439 1784 lulum
471 1733 663 1780 mutatis
700 1732 900 1779 serviret.

422 1861 550 1918 Quod
586 1860 623 1905 si
657 1861 778 1904 recte
814 1855 1111 1908 coniecimus,
1160 1853 1333 1898 mirum
1375 1864 1464 1896 non
1511 1850 1658 1908 potest
1689 1846 1856 1899 videri,
1898 1843 2016 1903 quod
2052 1844 2101 1888 in

289 1940 504 1988 omnibus
538 1938 630 1985 fere
665 1936 789 1990 locis,
826 1948 937 1994 quos
973 1933 1031 1979 ad
1065 1946 1137 1978 res
1171 1930 1378 1991 publicas
1414 1927 1522 1973 anni
1546 1927 1640 1972 420
1675 1924 1953 1985 pertinentes
1989 1924 2102 1968 tunc

288 2021 471 2081 poetam
518 2015 761 2063 inseruisse
807 2013 1080 2066 statuimus,
1130 2009 1214 2056 viri
1260 2007 1379 2054 docti
1425 2006 1502 2052 alii
1537 2005 1637 2051 aliis
1681 2003 1736 2050 de
1771 2002 1922 2049 causis
1963 1999 2101 2047 offen-

290 2099 467 2146 derunt.
536 2095 607 2141 Ad
652 2095 912 2141 contextum
957 2094 1003 2138 et
1046 2088 1394 2136 continuitatem
1439 2084 1560 2131 enim
1595 2082 1815 2129 dramatis
1858 2081 1930 2126 vix
1977 2093 2100 2125 unus

291 2191 344 2224 ex
377 2176 465 2221 illis
500 2174 607 2220 locis
641 2171 924 2219 necessarius
961 2171 1043 2224 est,
1085 2167 1337 2227 complures
1374 2177 1560 2211 sensum
1594 2162 1727 2222 plane
1779 2159 1982 2213 turbant,
2033 2157 2100 2203 ita

290 2258 345 2302 ut
378 2256 534 2314 postea
570 2266 643 2298 003
678 2252 872 2296 10301103
908 2262 1005 2295 0330
1042 2250 1167 2293 extra
1207 2258 1389 2291 omnem
1425 2241 1757 2289 dubitationem
1791 2238 1992 2299 positum
2027 2236 2100 2282 sit.

427 2540 456 2589 1)
486 2538 541 2578 Cf.
571 2537 794 2576 WilamOW.
822 2535 849 2574 1.
879 2546 912 2573 0.
939 2545 1026 2584 pag.
1058 2532 1133 2571 178
1161 2543 1244 2581 sqq.

425 2619 455 2669 2)
485 2618 541 2657 Cf.
570 2617 704 2655 Herm.
734 2614 876 2653 XVIII
903 2625 990 2663 pag.
1018 2612 1094 2650 487
1125 2623 1208 2660 sqq.

426 2698 456 2747 3)
486 2697 648 2746 Propter
675 2694 812 2733 foedus
841 2693 889 2731 ab
927 2692 975 2729 iis
1004 2703 1096 2728 cum
1123 2687 1441 2727 Lacedaemoniis
1469 2686 1609 2723 initum
1639 2685 1678 2721 et
1704 2682 1902 2720 excidium
1928 2680 2105 2729 Panaeti,

293 2764 398 2815 quod
426 2763 610 2813 oppidum
637 2763 682 2799 ut
708 2761 905 2809 integrum
934 2755 1240 2795 Atheniensibus
1277 2752 1549 2790 restitueretur
1576 2749 1764 2788 Nicianae
1793 2748 1899 2797 pacis
1927 2747 2103 2796 sponsio-

291 2830 408 2867 nibus
437 2829 627 2866 statutum
655 2828 749 2864 erat.
806 2824 861 2863 Cf.
891 2824 1011 2861 Thuc.
1040 2821 1077 2859 V
1105 2821 1168 2868 42,
1200 2820 1222 2857 2
1251 2822 1290 2857 01
1318 2830 1417 2867 quae
1446 2829 1564 2866 supra
1591 2816 1765 2853 diximus
1792 2826 1878 2863 pag.
1910 2814 1959 2851 16
1987 2824 2044 2861 sq.

426 2922 457 2970 4)
488 2920 543 2960 Cf.
572 2919 712 2970 Bergk.
740 2918 766 2958 1.
797 2931 830 2958 c.
859 2930 946 2968 pag.
976 2915 1065 2955 535.
1088 2937 1136 2942 -
1157 2912 1245 2952 Uno
1275 2912 1427 2951 tantum
1454 2909 1538 2949 loco
1566 2922 1604 2949 v.
1627 2907 1700 2947 187
1729 2907 1769 2946 10
1798 2917 1863 2946 003
1890 2903 2105 2954 invehitur,

294 2989 363 3026 sed
391 2987 490 3025 illud
518 2986 700 3035 perfidiae
729 2985 876 3022 crimen
904 2982 1083 3031 proxime
1111 2981 1200 3018 ante
1229 2980 1353 3016 actam
1384 2977 1556 3015 fabulam
1577 2976 1733 3024 propter
1751 2973 1968 3022 legatorum
1988 2970 2104 3019 Spar-

291 3058 475 3093 tanorum
504 3050 693 3102 perfidum
722 3049 874 3089 facinus
904 3060 996 3086 eum
1024 3045 1219 3086 addidisse
1249 3055 1366 3094 supra
1394 3042 1657 3081 demonstrare
1686 3038 1813 3078 conati
1841 3047 1989 3076 sumus.
2047 3034 2105 3075 Cf.

290 3132 382 3171 pag.
414 3119 474 3158 18.
506 3118 568 3157 25.
