2281 3492
1072 115 1132 158 13

263 288 304 320 v.
342 274 435 319 329
456 287 553 332 sqq.
589 265 793 331 Κάδμου
826 260 881 316 θ’
918 261 1077 332 ὁρῶσα
1110 261 1224 313 λαὸν
1257 255 1307 312 εὖ
1341 260 1641 328 πεπραγότα,

595 340 660 397 ἔτ’
697 340 836 396 αὐτὸν
870 338 991 395 ἅλλα
1024 335 1226 409 βλήματ’
1264 342 1312 391 ἐν
1346 338 1513 404 κύβοις
1546 343 1708 404 βαλεῖν

594 418 835 475 πέποιθ’·
879 419 904 472 ὃ
940 419 1027 488 γὰρ
1061 418 1180 479 θεὸς
1213 414 1356 469 πάντ>
1391 415 1678 485 ἀναστρέφει
1712 416 1876 467 πάλιν.

263 538 304 570 V.
343 524 435 569 608
457 537 522 581 sq.
590 512 710 567 ἀλλὰ
744 513 826 566 τὸν
858 509 1046 579 εὐτυχίᾳ
1079 508 1302 577 λαμπρὸν
1335 505 1393 561 ἄν
1425 531 1500 569 τις
1534 509 1662 575 αἱροῖ

593 601 739 661 μοῖρα
773 591 949 643 πάλιν·
985 589 1096 641 τόδε
1127 610 1214 653 μοι
1248 587 1304 639 τὸ
1338 587 1527 654 θράσος
1560 584 1843 655 ἀμφιβαίνει
1863 593 1912 650 1).

329 706 518 751 Frustra
551 705 784 763 Hauptius
801 704 835 759 2)
874 701 1156 753 contradicit,
1190 700 1428 745 Thebanos
1459 698 1687 755 ceteroqui
1720 698 1837 741 viros
1874 696 2010 740 fortes

200 787 246 831 et
288 784 431 847 laude*
467 784 572 830 belli
616 783 772 840 dignos
816 779 1035 833 deseribi3
1082 791 1281 836 namque
1326 777 1373 822 id
1417 777 1466 821 in
1509 775 1786 834 Aeschylum
1823 774 2008 833 quidem

201 862 422 916 convenit,
459 861 536 921 qui
569 861 626 907 ob
661 861 780 905 hane
817 872 915 904 rem
952 858 1009 903 ab
1045 856 1346 915 Aristophane
1383 855 1636 912 castigatur
1649 854 1701 912 3).
1770 852 2008 912 Euripides

201 943 356 986 autem
390 954 481 985 non
514 939 777 991 Thebanos.
821 937 899 983 sed
932 936 1089 982 heroes
1127 935 1315 992 Argivos
1348 933 1562 978 laudibus
1599 931 1789 990 effert4).
1858 933 2009 988 Atque

198 1018 403 1063 Thebani
446 1031 616 1075 magna
660 1015 845 1061 victoria
895 1014 1028 1072 potiti
1074 1015 1223 1066 erant,
1279 1012 1371 1056 sive
1416 1010 1622 1055 fabulam
1668 1009 1760 1054 sive
1806 1022 2009 1067 pugnam

200 1096 321 1156 apud
363 1095 548 1141 Delium
588 1094 761 1139 factam
804 1092 1095 1152 respicimus;
1150 1090 1332 1148 ignavia
1377 1103 1481 1146 ergo
1525 1088 1581 1133 iis
1625 1087 1814 1132 minime
1855 1100 2011 1145 oppro—

198 1175 322 1220 brari
370 1175 569 1233 poterat,
629 1186 716 1231 quo
767 1170 999 1230 opprobrio
1049 1170 1234 1228 insuper
1284 1167 1634 1213 Atheniensium
1686 1165 1827 1223 gloria
1882 1164 2009 1209 valde

198 1253 444 1298 imminuta
489 1253 622 1304 esset,
668 1264 777 1296 nam
821 1249 1005 1294 victoria
1049 1262 1102 1293 ex
1135 1247 1311 1304 ignavis
1357 1248 1488 1304 parta
1522 1244 1715 1289 minima
1750 1245 1820 1288 est
1853 1243 2008 1301 gloria.

331 1329 420 1376 Sed
463 1330 574 1374 haee
623 1326 806 1386 quidem
851 1327 905 1372 de
947 1326 1144 1379 oonsilio,
1198 1324 1318 1382 quod
1351 1322 1590 1381 Euripides
1624 1322 1670 1366 in
1704 1321 1852 1380 patria
1897 1321 2012 1366 eele-

200 1407 376 1454 branda
421 1406 713 1467 potissimum
760 1408 943 1451 secutus
991 1417 1089 1451 esse
1126 1402 1322 1462 quidque
1358 1401 1412 1447 de
1446 1403 1647 1460 tempore
1683 1399 1860 1445 fabulae
1904 1412 2011 1444 oon—

202 1486 394 1544 seriptae
427 1485 533 1529 inde
568 1484 776 1529 concludi
810 1497 940 1541 posse
974 1482 1195 1526 videatur.
1273 1480 1374 1524 Iam
1408 1492 1509 1524 vero
1551 1479 1609 1522 ad
1644 1479 1835 1523 alteram
1870 1477 2007 1521 huius

199 1562 518 1622 disputationis
579 1563 758 1621 partem
817 1574 891 1606 me
952 1560 1182 1613 converto,
1237 1559 1290 1602 ut
1351 1556 1614 1603 societatem
1673 1569 1778 1600 eum
1829 1553 2007 1612 Argivis

197 1640 454 1687 faciendam
490 1653 517 1685 a
550 1642 682 1699 poeta
718 1637 1024 1685 commendari
1058 1636 1378 1681 demonstrem.

333 1808 363 1857 ¹)
392 1808 446 1846 Cf.
477 1808 593 1845 etiam
621 1820 659 1845 v.
689 1806 767 1843 463
796 1817 852 1853 sq.
882 1815 1000 1853 supra
1028 1803 1167 1841 citatos
1195 1805 1234 1840 et
1260 1815 1298 1840 v.
1329 1801 1405 1840 518
1434 1813 1516 1849 sqq.
1546 1800 1614 1838 ubi
1641 1800 1813 1838 Theseus
1841 1799 2005 1836 Atheni—

199 1885 312 1911 enses
340 1873 496 1911 Boeotis
523 1872 695 1921 potentia
722 1869 949 1908 antecedere
977 1868 1186 1917 praedicat.

332 1938 362 1986 2)
390 1937 444 1976 Cf.
474 1937 500 1976 1.
530 1949 562 1975 ο.
590 1936 632 1975 ΙΙ
659 1948 746 1985 pag.
778 1937 838 1974 10.

330 2003 359 2053 3)
390 2002 447 2042 Cf.
476 2002 593 2041 Arist.
615 2001 713 2040 Ran.
744 2000 818 2051 (ed.
847 2000 969 2039 Kook.
997 1999 1124 2038 Berol.
1156 1997 1271 2047 1881)
1301 2010 1338 2036 v.
1370 1996 1470 2036 1023
1498 2008 1555 2045 sq.

433 2071 544 2105 τουτὶ
571 2071 646 2116 μέν
675 2081 739 2103 σοι
765 2062 886 2103 κακὸν
913 2066 1138 2116 εἴργασται·
1172 2067 1368 2111 Θηβαίους
1396 2057 1472 2113 γὰρ
1501 2064 1717 2106 πεποίηκας

435 2128 731 2184 ἀνδρειοτέρους
760 2132 812 2171 εἰς
838 2126 911 2168 τὸν
937 2127 1128 2179 πόλεμον·
1158 2132 1223 2165 καὶ
1250 2125 1393 2165 τούτου
1420 2122 1456 2179 γ’
1487 2127 1613 2163 εἵνεκα
1643 2123 1802 2162 τύπτου.

330 2200 360 2248 4)
390 2199 447 2237 Cf.
476 2199 633 2236 Adrasti
662 2198 871 2236 orationem
901 2197 1104 2234 funebrem
1134 2194 1267 2244 Suppl.
1296 2207 1335 2233 v.
1363 2192 1438 2232 857
1469 2205 1552 2242 sqq.
