2281 3492
1185 112 1244 158 35

316 275 365 320 et
399 271 456 318 ab
490 271 585 330 ipso
620 268 814 314 Adrasto
832 269 891 330 l):

633 384 748 433 νέων
782 379 868 449 γὰρ
903 376 1083 449 ἀνδρῶν
1116 379 1326 448 θόρυβος
1360 384 1624 450 ἐξέπλησσέ
1656 403 1738 446 με·

318 508 400 568 qui
434 507 616 554 eosdem
650 507 833 553 iuvenes
868 506 987 566 quod
1019 506 1289 552 dedecorent
1321 506 1494 565 patriae
1527 506 1699 552 famam
1732 507 1797 553 ita
1832 507 1981 566 arguit
1999 507 2061 567 ²):

868 619 979 670 ἐπεί
1010 640 1088 670 τοι
1121 616 1289 670 κοῦὃὲν
1322 619 1454 669 αἰτία
1488 617 1633 680 πόλις

635 701 796 758 κακῶς
829 696 1035 748 κλύουσα
1069 696 1151 748 διὰ
1183 696 1460 765 κυβερνήτην
1493 696 1639 747 κακόν
1653 705 1705 762 3).

455 836 581 893 Quae
615 836 766 882 omnia
800 836 990 882 minime
1025 835 1258 882 convenire
1301 835 1415 881 mihi
1447 834 1656 881 videntur
1698 835 1745 881 in
1784 849 1954 881 annum
1990 836 2111 888 420;

318 931 380 964 an
425 918 607 977 poetam
629 915 743 962 haec
776 914 934 962 eodem
967 917 1166 976 tempore
1191 914 1423 975 scripsisse
1458 913 1782 970 existimamus,
1818 928 1904 974 quo
1928 914 2113 960 consilia

321 994 594 1049 Alcibiadis,
643 1008 780 1053 quem
813 994 965 1053 ipsum
998 994 1207 1039 iuvenem
1242 993 1474 1053 perspicue
1508 994 1737 1051 designat,
1788 994 1945 1052 populo
1980 994 2114 1039 vellet

319 1074 544 1134 probare?
612 1072 695 1119 Cui
739 1073 832 1119 viro
883 1074 985 1119 tum
1036 1070 1230 1132 quidem
1264 1086 1433 1118 munus
1485 1068 1743 1135 στρατηγοῦ
1786 1072 1958 1132 petenti
1999 1071 2114 1118 nihil

320 1154 441 1199 certe
490 1152 637 1212 potuit
686 1151 833 1208 magis
884 1150 1115 1197 offensioni
1165 1152 1302 1211 atque
1356 1150 1640 1196 incommodo
1694 1164 1790 1196 esse
1847 1164 1986 1210 quam
2036 1151 2115 1195 illa

322 1230 514 1276 crimina
561 1232 606 1276 et
662 1230 885 1289 imprimis
938 1242 1053 1288 quae
1097 1230 1338 1275 citavimus
1383 1230 1520 1275 verba
1565 1229 1725 1274 Thesei
1783 1215 1810 1273 ὃ
1850 1226 1937 1287 μὲν
1980 1220 2115 1283 ὅπως

320 1305 627 1371 στρατηλατῇ.
705 1308 911 1367 Denique
956 1308 1074 1367 quod
1115 1308 1267 1367 populi
1308 1308 1592 1355 turbulentos
1637 1307 1944 1354 adsentatores
1986 1308 2117 1354 vehe-

318 1389 497 1435 menter
531 1386 732 1446 exagitat
777 1388 822 1434 et
876 1386 931 1433 iis
984 1386 1068 1434 sub
1109 1385 1271 1434 Thesei
1312 1400 1503 1448 persona
1547 1386 1794 1447 imaginem
1839 1388 1975 1447 atque
2018 1400 2115 1433 rem

319 1467 553 1526 publicam
597 1466 784 1512 Periclis
821 1467 1022 1512 consulto
1056 1467 1240 1526 opponit
1257 1467 1320 1527 4),
1366 1480 1512 1512 nonne
1547 1467 1630 1512 hoc
1674 1466 1848 1512 factum
1882 1480 1980 1512 esse
2014 1481 2115 1512 cen-

319 1545 534 1600 sebimus,
571 1559 677 1590 cum
701 1544 858 1590 civitas
893 1545 950 1591 ab
984 1545 1116 1591 istius
1151 1544 1329 1602 generis
1353 1545 1609 1590 hominibus
1644 1545 1906 1590 turbaretur
1939 1559 2116 1590 eorum-

320 1637 408 1682 que
452 1624 710 1670 temeritate
754 1623 993 1670 meliorum
1031 1625 1289 1683 temporum
1338 1624 1557 1670 memoria
1591 1624 1895 1670 excitaretur?
1954 1623 2114 1683 Itaque

319 1701 434 1748 haec
481 1701 631 1747 omnia
675 1702 842 1761 optime
886 1701 1158 1748 conveniunt
1202 1702 1249 1747 in
1295 1715 1467 1747 annum
1513 1702 1631 1756 424,
1683 1715 1769 1761 quo
1815 1702 2113 1748 Athenienses

319 1794 487 1839 magno
522 1781 686 1840 proelio
722 1794 748 1826 a
781 1781 1006 1826 Thebanis
1040 1781 1147 1826 victi
1181 1782 1288 1826 sunt
1321 1782 1366 1826 et
1401 1779 1529 1835 Cleo,
1564 1794 1683 1826 unus
1728 1781 1933 1826 omnium
1966 1781 2117 1840 populi

319 1858 610 1904 turbatorum
645 1859 1026 1906 insolentissimus
1061 1860 1197 1918 atque
1230 1858 1576 1914 audacissimus,
1610 1858 1811 1905 maxima
1845 1859 2113 1906 auctoritate

316 1936 481 1983 floruit.

453 2041 571 2100 Quid
622 2056 724 2088 vero
774 2043 1036 2102 Euripidem
1087 2043 1323 2090 adduxerit
1372 2046 1426 2089 ut
1475 2043 1679 2089 fabulam
1729 2045 1840 2089 tunc
1890 2043 2119 2103 inceptam

310 2121 516 2167 abiceret
552 2135 835 2180 quamquam
869 2123 1152 2181 compertum
1186 2135 1276 2168 non
1309 2121 1553 2176 habemus,
1594 2123 1752 2167 tamen
1785 2135 1873 2167 non
1909 2121 2004 2167 sine
2040 2121 2121 2167 ali-

326 2213 417 2259 qua
449 2200 655 2246 veritatis
691 2200 836 2259 specie
873 2201 1093 2260 suspicari
1125 2200 1255 2247 nobis
1280 2200 1397 2247 licet.
1467 2199 1607 2246 Paulo
1642 2200 1763 2246 enim
1795 2202 1897 2260 post
1919 2213 2121 2260 pugnam

326 2278 447 2337 apud
481 2278 666 2323 Delium
696 2278 867 2323 factam
889 2279 1190 2325 Athenienses
1237 2281 1281 2325 et
1304 2279 1649 2325 Lacedaemonii
1679 2278 1879 2324 indutias
1911 2279 2121 2331 inierunt,

323 2369 377 2400 ex
412 2355 577 2414 quibus
625 2355 891 2400 diuturnam
934 2369 1094 2414 pacem
1136 2356 1355 2402 orituram
1399 2370 1498 2402 esse
1548 2356 1671 2415 pacis
1724 2358 1929 2402 amantes
1972 2369 2122 2415 spera-

322 2433 437 2479 bant
450 2434 501 2492 5).
570 2432 659 2479 Sed
693 2447 799 2478 cum
832 2432 1197 2479 Lacedaemoniis
1232 2434 1279 2479 in
1309 2433 1501 2480 Thracia
1535 2434 1700 2479 bellare
1731 2434 2120 2493 perseverantibus

325 2512 438 2558 haec
473 2525 574 2572 spes
610 2511 906 2558 Athenienses
950 2511 1127 2558 falleret
1166 2512 1291 2571 pacis
1326 2514 1428 2558 tum
1462 2512 1803 2572 cupidissimos,
1845 2511 2120 2572 Euripidem,

326 2604 463 2648 quem
504 2591 649 2649 priore
673 2592 873 2650 tempore
908 2590 1014 2636 belli
1037 2589 1401 2649 Peloponnesiaci
1435 2591 1616 2637 omnino
1651 2604 1703 2637 ex
1736 2604 1889 2637 rerum
1920 2591 2125 2650 publica-

460 2856 488 2905 1)
516 2855 613 2894 Ibid.
642 2868 680 2894 V.
702 2856 789 2895 160.

458 2921 487 2972 2)
516 2920 613 2960 Ibid.
642 2933 680 2960 v,
699 2920 776 2959 879
797 2932 854 2970 sq.

459 2988 489 3036 3)
517 2987 572 3027 Cf.
601 2987 718 3025 etiam
744 2999 783 3026 V.
814 2987 888 3026 737
908 2998 991 3037 sqq.
1021 2987 1059 3025 et
1087 2999 1183 3037 quos
1211 2999 1329 3037 supra
1356 2987 1563 3027 citavimus
1591 3001 1628 3027 v.
1661 2988 1737 3026 744
1764 3000 1849 3038 sqq.

457 3054 487 3104 4)
515 3053 604 3093 Vid.
633 3053 733 3092 infra
759 3064 845 3104 pag.
884 3053 947 3093 43.

458 3121 489 3170 ⁵)
522 3120 577 3159 Of.
606 3119 726 3159 Thuc.
754 3120 811 3158 IV
841 3120 927 3159 117.
980 3119 1138 3159 Beloch.
1167 3118 1193 3159 1.
1223 3132 1255 3159 0.
1284 3132 1369 3170 pag.
1398 3120 1449 3158 43
1478 3131 1535 3170 sq.

1816 3186 1880 3232 3*
