<?xml version="1.0" encoding="UTF-8"?>
<!DOCTYPE html PUBLIC "-//W3C//DTD XHTML 1.0 Transitional//EN"
    "http://www.w3.org/TR/xhtml1/DTD/xhtml1-transitional.dtd">
<html xmlns="http://www.w3.org/1999/xhtml" xml:lang="en" lang="en">
 <head>
  <title>
</title>
<meta http-equiv="Content-Type" content="text/html;charset=utf-8" />
  <meta name='ocr-system' content='tesseract 3.04.00' />
  <meta name='ocr-capabilities' content='ocr_page ocr_carea ocr_par ocr_line ocrx_word'/>
</head>
<body>
  <div class='ocr_page' id='page_1' title='image "4626156_0034.png"; bbox 0 0 2281 3492; ppageno 0'>
   <div class='ocr_carea' id='block_1_1' title="bbox 1120 103 1181 148">
    <p class='ocr_par' dir='ltr' id='par_1_1' title="bbox 1120 103 1181 148">
     <span class='ocr_line' id='line_1_1' title="bbox 1120 103 1181 148; baseline -0.016 0"><span class='ocrx_word' id='word_1_1' title='bbox 1120 103 1181 148; x_wconf 81' lang='lat'>27</span> 
     </span>
    </p>
   </div>
   <div class='ocr_carea' id='block_1_2' title="bbox 243 256 2062 866">
    <p class='ocr_par' dir='ltr' id='par_1_2' title="bbox 243 256 2062 866">
     <span class='ocr_line' id='line_1_2' title="bbox 243 256 2058 317; baseline -0.004 -10"><span class='ocrx_word' id='word_1_2' title='bbox 243 276 406 307; x_wconf 86' lang='lat' dir='ltr'>sumus</span> <span class='ocrx_word' id='word_1_3' title='bbox 431 262 571 307; x_wconf 87' lang='lat' dir='ltr'>etiam</span> <span class='ocrx_word' id='word_1_4' title='bbox 605 261 686 305; x_wconf 90' lang='lat' dir='ltr'>hos</span> <span class='ocrx_word' id='word_1_5' title='bbox 710 260 828 305; x_wconf 88' lang='lat' dir='ltr'>inter</span> <span class='ocrx_word' id='word_1_6' title='bbox 861 274 907 305; x_wconf 90' lang='lat' dir='ltr'>se</span> <span class='ocrx_word' id='word_1_7' title='bbox 932 261 1195 305; x_wconf 89' lang='lat' dir='ltr'>coniunctos</span> <span class='ocrx_word' id='word_1_8' title='bbox 1221 258 1361 303; x_wconf 88' lang='lat' dir='ltr'>fuisse</span> <span class='ocrx_word' id='word_1_9' title='bbox 1381 258 1439 317; x_wconf 85' lang='lat'>¹),</span> <span class='ocrx_word' id='word_1_10' title='bbox 1476 258 1742 316; x_wconf 87' lang='lat' dir='ltr'>praesertim</span> <span class='ocrx_word' id='word_1_11' title='bbox 1766 271 1872 302; x_wconf 88' lang='lat' dir='ltr'>cum</span> <span class='ocrx_word' id='word_1_12' title='bbox 1907 256 2058 301; x_wconf 90' lang='lat' dir='ltr'>indole</span> 
     </span>
     <span class='ocr_line' id='line_1_3' title="bbox 248 335 2057 399; baseline -0.003 -13"><span class='ocrx_word' id='word_1_13' title='bbox 248 340 501 399; x_wconf 78' lang='lat' dir='ltr'>studiisque</span> <span class='ocrx_word' id='word_1_14' title='bbox 536 339 659 385; x_wconf 89' lang='lat' dir='ltr'>haud</span> <span class='ocrx_word' id='word_1_15' title='bbox 683 339 886 398; x_wconf 81' lang='lat' dir='ltr'>dispares</span> <span class='ocrx_word' id='word_1_16' title='bbox 923 341 1074 384; x_wconf 87' lang='lat' dir='ltr'>essent</span> <span class='ocrx_word' id='word_1_17' title='bbox 1093 338 1146 398; x_wconf 80' lang='grc'>2).</span> <span class='ocrx_word' id='word_1_18' title='bbox 1215 338 1364 395; x_wconf 91' lang='lat' dir='ltr'>Atque</span> <span class='ocrx_word' id='word_1_19' title='bbox 1399 336 1446 381; x_wconf 90' lang='lat' dir='ltr'>in</span> <span class='ocrx_word' id='word_1_20' title='bbox 1482 335 1768 395; x_wconf 85' lang='lat' dir='ltr'>Supplicibus</span> <span class='ocrx_word' id='word_1_21' title='bbox 1792 335 2057 394; x_wconf 81' lang='lat' dir='ltr'>Euripidem</span> 
     </span>
     <span class='ocr_line' id='line_1_4' title="bbox 248 414 2059 475; baseline -0.003 -12"><span class='ocrx_word' id='word_1_22' title='bbox 248 433 356 464; x_wconf 92' lang='lat' dir='ltr'>cum</span> <span class='ocrx_word' id='word_1_23' title='bbox 387 418 621 463; x_wconf 75' lang='lat' dir='ltr'>Alcibiade</span> <span class='ocrx_word' id='word_1_24' title='bbox 657 417 711 462; x_wconf 91' lang='lat' dir='ltr'>de</span> <span class='ocrx_word' id='word_1_25' title='bbox 757 418 892 463; x_wconf 86' lang='lat' dir='ltr'>rebus</span> <span class='ocrx_word' id='word_1_26' title='bbox 928 416 1124 475; x_wconf 90' lang='lat' dir='ltr'>publicis</span> <span class='ocrx_word' id='word_1_27' title='bbox 1168 417 1267 460; x_wconf 90' lang='lat' dir='ltr'>tam</span> <span class='ocrx_word' id='word_1_28' title='bbox 1302 416 1513 460; x_wconf 88' lang='lat' dir='ltr'>accurate</span> <span class='ocrx_word' id='word_1_29' title='bbox 1549 414 1802 459; x_wconf 87' lang='lat' dir='ltr'>consentire</span> <span class='ocrx_word' id='word_1_30' title='bbox 1838 414 2059 468; x_wconf 89' lang='lat' dir='ltr'>videmus,</span> 
     </span>
     <span class='ocr_line' id='line_1_5' title="bbox 248 491 2062 560; baseline -0.003 -19"><span class='ocrx_word' id='word_1_31' title='bbox 248 499 300 542; x_wconf 91' lang='lat' dir='ltr'>ut</span> <span class='ocrx_word' id='word_1_32' title='bbox 346 496 537 560; x_wconf 88' lang='lat' dir='ltr'>dubium</span> <span class='ocrx_word' id='word_1_33' title='bbox 583 509 671 541; x_wconf 88' lang='lat' dir='ltr'>non</span> <span class='ocrx_word' id='word_1_34' title='bbox 708 495 982 548; x_wconf 78' lang='lat' dir='ltr'>habeamus,</span> <span class='ocrx_word' id='word_1_35' title='bbox 1028 494 1138 552; x_wconf 90' lang='lat' dir='ltr'>quin</span> <span class='ocrx_word' id='word_1_36' title='bbox 1182 494 1238 539; x_wconf 91' lang='lat' dir='ltr'>ab</span> <span class='ocrx_word' id='word_1_37' title='bbox 1274 507 1324 538; x_wconf 89' lang='lat' dir='ltr'>eo</span> <span class='ocrx_word' id='word_1_38' title='bbox 1361 495 1492 551; x_wconf 90' lang='lat' dir='ltr'>poeta</span> <span class='ocrx_word' id='word_1_39' title='bbox 1538 491 1596 537; x_wconf 92' lang='lat' dir='ltr'>ad</span> <span class='ocrx_word' id='word_1_40' title='bbox 1630 491 1835 537; x_wconf 89' lang='lat' dir='ltr'>fabulam</span> <span class='ocrx_word' id='word_1_41' title='bbox 1882 505 2062 550; x_wconf 89' lang='lat' dir='ltr'>compo-</span> 
     </span>
     <span class='ocr_line' id='line_1_6' title="bbox 248 570 2060 634; baseline -0.004 -14"><span class='ocrx_word' id='word_1_42' title='bbox 248 574 448 620; x_wconf 89' lang='lat' dir='ltr'>nendam</span> <span class='ocrx_word' id='word_1_43' title='bbox 483 574 707 632; x_wconf 89' lang='lat' dir='ltr'>impulsus</span> <span class='ocrx_word' id='word_1_44' title='bbox 745 575 804 619; x_wconf 90' lang='lat' dir='ltr'>sit</span> <span class='ocrx_word' id='word_1_45' title='bbox 819 575 872 634; x_wconf 86' lang='lat'>3).</span> <span class='ocrx_word' id='word_1_46' title='bbox 931 572 1089 631; x_wconf 88' lang='lat' dir='ltr'>Neque</span> <span class='ocrx_word' id='word_1_47' title='bbox 1125 573 1207 616; x_wconf 91' lang='lat' dir='ltr'>hoc</span> <span class='ocrx_word' id='word_1_48' title='bbox 1236 571 1419 624; x_wconf 89' lang='lat' dir='ltr'>mirum,</span> <span class='ocrx_word' id='word_1_49' title='bbox 1455 584 1561 615; x_wconf 87' lang='lat' dir='ltr'>cum</span> <span class='ocrx_word' id='word_1_50' title='bbox 1586 570 1841 614; x_wconf 80' lang='lat' dir='ltr'>Alcibiades</span> <span class='ocrx_word' id='word_1_51' title='bbox 1879 583 2060 613; x_wconf 88' lang='lat' dir='ltr'>summo</span> 
     </span>
     <span class='ocr_line' id='line_1_7' title="bbox 251 641 2062 712; baseline -0.004 -14"><span class='ocrx_word' id='word_1_52' title='bbox 251 666 380 712; x_wconf 89' lang='lat' dir='ltr'>opere</span> <span class='ocrx_word' id='word_1_53' title='bbox 423 652 580 698; x_wconf 84' lang='lat' dir='ltr'>foedus</span> <span class='ocrx_word' id='word_1_54' title='bbox 622 666 728 697; x_wconf 89' lang='lat' dir='ltr'>cum</span> <span class='ocrx_word' id='word_1_55' title='bbox 774 651 952 709; x_wconf 84' lang='lat' dir='ltr'>Argivis</span> <span class='ocrx_word' id='word_1_56' title='bbox 987 641 1199 710; x_wconf 86' lang='lat' dir='ltr'>perficere</span> <span class='ocrx_word' id='word_1_57' title='bbox 1248 648 1475 702; x_wconf 86' lang='lat' dir='ltr'>studeret,</span> <span class='ocrx_word' id='word_1_58' title='bbox 1518 648 1704 693; x_wconf 89' lang='lat' dir='ltr'>minime</span> <span class='ocrx_word' id='word_1_59' title='bbox 1746 650 1900 693; x_wconf 87' lang='lat' dir='ltr'>autem</span> <span class='ocrx_word' id='word_1_60' title='bbox 1935 647 2062 704; x_wconf 85' lang='lat' dir='ltr'>igno·</span> 
     </span>
     <span class='ocr_line' id='line_1_8' title="bbox 250 725 2061 788; baseline -0.004 -13"><span class='ocrx_word' id='word_1_61' title='bbox 250 732 395 784; x_wconf 88' lang='lat' dir='ltr'>raret,</span> <span class='ocrx_word' id='word_1_62' title='bbox 449 733 675 788; x_wconf 89' lang='lat' dir='ltr'>quantum</span> <span class='ocrx_word' id='word_1_63' title='bbox 725 732 878 788; x_wconf 91' lang='lat' dir='ltr'>poeta,</span> <span class='ocrx_word' id='word_1_64' title='bbox 933 729 1011 787; x_wconf 87' lang='lat' dir='ltr'>qui</span> <span class='ocrx_word' id='word_1_65' title='bbox 1066 729 1321 786; x_wconf 76' lang='lat' dir='ltr'>complures</span> <span class='ocrx_word' id='word_1_66' title='bbox 1366 726 1587 772; x_wconf 90' lang='lat' dir='ltr'>eiusmodi</span> <span class='ocrx_word' id='word_1_67' title='bbox 1638 726 1818 770; x_wconf 88' lang='lat' dir='ltr'>fabulas</span> <span class='ocrx_word' id='word_1_68' title='bbox 1869 726 1962 769; x_wconf 89' lang='lat' dir='ltr'>iam</span> <span class='ocrx_word' id='word_1_69' title='bbox 2014 725 2061 768; x_wconf 88' lang='lat' dir='ltr'>in</span> 
     </span>
     <span class='ocr_line' id='line_1_9' title="bbox 252 804 1870 866; baseline -0.004 -11"><span class='ocrx_word' id='word_1_70' title='bbox 252 822 467 855; x_wconf 85' lang='lat' dir='ltr'>scaenam</span> <span class='ocrx_word' id='word_1_71' title='bbox 502 808 794 855; x_wconf 75' lang='lat' dir='ltr'>commiserat</span> <span class='ocrx_word' id='word_1_72' title='bbox 811 809 863 866; x_wconf 73' lang='lat'>4),</span> <span class='ocrx_word' id='word_1_73' title='bbox 901 807 958 852; x_wconf 89' lang='lat' dir='ltr'>ad</span> <span class='ocrx_word' id='word_1_74' title='bbox 992 806 1236 852; x_wconf 88' lang='lat' dir='ltr'>movendos</span> <span class='ocrx_word' id='word_1_75' title='bbox 1272 805 1440 851; x_wconf 85' lang='lat' dir='ltr'>civium</span> <span class='ocrx_word' id='word_1_76' title='bbox 1476 805 1651 850; x_wconf 87' lang='lat' dir='ltr'>animos</span> <span class='ocrx_word' id='word_1_77' title='bbox 1687 804 1870 850; x_wconf 82' lang='lat' dir='ltr'>valeret.</span> 
     </span>
    </p>
   </div>
   <div class='ocr_carea' id='block_1_3' title="bbox 255 915 2064 1853">
    <p class='ocr_par' dir='ltr' id='par_1_3' title="bbox 386 915 2064 976">
     <span class='ocr_line' id='line_1_10' title="bbox 386 915 2064 976; baseline -0.004 -9"><span class='ocrx_word' id='word_1_78' title='bbox 386 921 430 967; x_wconf 87' lang='lat'>4.</span> <span class='ocrx_word' id='word_1_79' title='bbox 501 919 812 967; x_wconf 83' lang='lat' dir='ltr'>Gravissimus</span> <span class='ocrx_word' id='word_1_80' title='bbox 848 919 1007 966; x_wconf 89' lang='lat' dir='ltr'>deinde</span> <span class='ocrx_word' id='word_1_81' title='bbox 1053 921 1123 965; x_wconf 90' lang='lat' dir='ltr'>est</span> <span class='ocrx_word' id='word_1_82' title='bbox 1155 919 1304 972; x_wconf 87' lang='lat' dir='ltr'>locus,</span> <span class='ocrx_word' id='word_1_83' title='bbox 1342 931 1429 976; x_wconf 89' lang='lat' dir='ltr'>quo</span> <span class='ocrx_word' id='word_1_84' title='bbox 1471 917 1674 963; x_wconf 84' lang='lat' dir='ltr'>Theseus</span> <span class='ocrx_word' id='word_1_85' title='bbox 1710 915 1902 961; x_wconf 81' lang='lat' dir='ltr'>Adrasto</span> <span class='ocrx_word' id='word_1_86' title='bbox 1950 916 2064 961; x_wconf 89' lang='lat' dir='ltr'>haec</span> 
     </span>
    </p>

    <p class='ocr_par' dir='ltr' id='par_1_4' title="bbox 255 1000 516 1059">
     <span class='ocr_line' id='line_1_11' title="bbox 255 1000 516 1059; baseline -0.004 -14"><span class='ocrx_word' id='word_1_87' title='bbox 255 1000 516 1059; x_wconf 78' lang='lat' dir='ltr'>exprobrat:</span> 
     </span>
    </p>

    <p class='ocr_par' dir='ltr' id='par_1_5' title="bbox 568 1077 1737 1151">
     <span class='ocr_line' id='line_1_12' title="bbox 568 1077 1737 1151; baseline -0.005 -15"><span class='ocrx_word' id='word_1_88' title='bbox 568 1077 623 1150; x_wconf 71' lang='grc' dir='ltr'>ἧς</span> <span class='ocrx_word' id='word_1_89' title='bbox 657 1089 739 1135; x_wconf 82' lang='grc' dir='ltr'>καὶ</span> <span class='ocrx_word' id='word_1_90' title='bbox 776 1083 833 1135; x_wconf 74' lang='grc' dir='ltr'>σὺ</span> <span class='ocrx_word' id='word_1_91' title='bbox 868 1085 1027 1151; x_wconf 79' lang='grc' dir='ltr'><em>φαίνει</em></span> <span class='ocrx_word' id='word_1_92' title='bbox 1063 1082 1264 1143; x_wconf 76' lang='grc' dir='ltr'><em>δεκάδος</em></span> <span class='ocrx_word' id='word_1_93' title='bbox 1300 1078 1352 1133; x_wconf 74' lang='grc' dir='ltr'>οὗ</span> <span class='ocrx_word' id='word_1_94' title='bbox 1388 1080 1542 1149; x_wconf 75' lang='grc' dir='ltr'><em>σοφὸς</em></span> <span class='ocrx_word' id='word_1_95' title='bbox 1577 1079 1737 1147; x_wconf 69' lang='grc' dir='ltr'>γεγώς,</span> 
     </span>
    </p>

    <p class='ocr_par' dir='ltr' id='par_1_6' title="bbox 572 1159 1718 1229">
     <span class='ocr_line' id='line_1_13' title="bbox 572 1159 1718 1229; baseline -0.004 -16"><span class='ocrx_word' id='word_1_96' title='bbox 572 1160 705 1222; x_wconf 75' lang='grc' dir='ltr'><em>ὅστις</em></span> <span class='ocrx_word' id='word_1_97' title='bbox 739 1161 884 1229; x_wconf 80' lang='grc' dir='ltr'><strong><em>κόρας</em></strong></span> <span class='ocrx_word' id='word_1_98' title='bbox 915 1164 1003 1226; x_wconf 74' lang='grc' dir='ltr'>μὲν</span> <span class='ocrx_word' id='word_1_99' title='bbox 1036 1159 1310 1229; x_wconf 72' lang='grc' dir='ltr'><em>θεσφάτοις</em></span> <span class='ocrx_word' id='word_1_100' title='bbox 1348 1161 1531 1224; x_wconf 74' lang='grc' dir='ltr'><em>Φοίβου</em></span> <span class='ocrx_word' id='word_1_101' title='bbox 1567 1161 1718 1225; x_wconf 67' lang='grc' dir='ltr'>ζυγεὶς</span> 
     </span>
    </p>

    <p class='ocr_par' dir='ltr' id='par_1_7' title="bbox 569 1232 1790 1853">
     <span class='ocr_line' id='line_1_14' title="bbox 572 1232 1612 1303; baseline -0.004 -12"><span class='ocrx_word' id='word_1_102' title='bbox 572 1244 776 1303; x_wconf 77' lang='grc' dir='ltr'>ξένοισιν</span> <span class='ocrx_word' id='word_1_103' title='bbox 810 1232 893 1291; x_wconf 63' lang='grc' dir='ltr'>ὧδ’</span> <span class='ocrx_word' id='word_1_104' title='bbox 931 1241 1115 1300; x_wconf 70' lang='grc' dir='ltr'><em>ἔδωκας</em></span> <span class='ocrx_word' id='word_1_105' title='bbox 1150 1236 1214 1299; x_wconf 76' lang='grc' dir='ltr'>ὦς</span> <span class='ocrx_word' id='word_1_106' title='bbox 1251 1238 1435 1301; x_wconf 76' lang='grc' dir='ltr'><em>ζώντων</em></span> <span class='ocrx_word' id='word_1_107' title='bbox 1469 1240 1612 1299; x_wconf 66' lang='grc' dir='ltr'>θεῶν,</span> 
     </span>
     <span class='ocr_line' id='line_1_15' title="bbox 569 1313 1753 1385; baseline -0.004 -16"><span class='ocrx_word' id='word_1_108' title='bbox 569 1317 790 1385; x_wconf 71' lang='grc' dir='ltr'><em>λαμπρὸν</em></span> <span class='ocrx_word' id='word_1_109' title='bbox 824 1322 877 1369; x_wconf 75' lang='grc' dir='ltr'>δὲ·</span> <span class='ocrx_word' id='word_1_110' title='bbox 913 1321 1099 1384; x_wconf 71' lang='grc' dir='ltr'><em>θολερῷ</em></span> <span class='ocrx_word' id='word_1_111' title='bbox 1135 1320 1274 1380; x_wconf 75' lang='grc' dir='ltr'><em>δῶμα</em></span> <span class='ocrx_word' id='word_1_112' title='bbox 1309 1317 1546 1380; x_wconf 71' lang='grc' dir='ltr'><em>συμμίξας</em></span> <span class='ocrx_word' id='word_1_113' title='bbox 1578 1314 1634 1366; x_wconf 78' lang='grc' dir='ltr'>τὸ</span> <span class='ocrx_word' id='word_1_114' title='bbox 1669 1313 1753 1365; x_wconf 78' lang='grc' dir='ltr'>σὸν</span> 
     </span>
     <span class='ocr_line' id='line_1_16' title="bbox 569 1389 1642 1464; baseline -0.004 -17"><span class='ocrx_word' id='word_1_115' title='bbox 569 1393 787 1464; x_wconf 71' lang='grc' dir='ltr'><em>ἥλκωσας</em></span> <span class='ocrx_word' id='word_1_116' title='bbox 823 1396 1000 1457; x_wconf 68' lang='grc' dir='ltr'>οἴκους·</span> <span class='ocrx_word' id='word_1_117' title='bbox 1035 1398 1145 1463; x_wconf 73' lang='grc' dir='ltr'><em>χρῆν</em></span> <span class='ocrx_word' id='word_1_118' title='bbox 1180 1393 1266 1461; x_wconf 75' lang='grc' dir='ltr'>γὰρ</span> <span class='ocrx_word' id='word_1_119' title='bbox 1303 1389 1405 1445; x_wconf 63' lang='lat' dir='ltr'>035oe</span> <span class='ocrx_word' id='word_1_120' title='bbox 1440 1392 1642 1457; x_wconf 77' lang='grc' dir='ltr'><em>σώματα</em></span> 
     </span>
     <span class='ocr_line' id='line_1_17' title="bbox 570 1470 1621 1541; baseline -0.005 -15"><span class='ocrx_word' id='word_1_121' title='bbox 570 1470 718 1526; x_wconf 59' lang='grc' dir='ltr'><em>ἄδικα</em></span> <span class='ocrx_word' id='word_1_122' title='bbox 753 1477 962 1535; x_wconf 84' lang='grc' dir='ltr'><em>δικαίοις</em></span> <span class='ocrx_word' id='word_1_123' title='bbox 994 1473 1076 1524; x_wconf 79' lang='grc' dir='ltr'>τὸν</span> <span class='ocrx_word' id='word_1_124' title='bbox 1111 1472 1262 1541; x_wconf 77' lang='grc' dir='ltr'><em>σοφὸν</em></span> <span class='ocrx_word' id='word_1_125' title='bbox 1296 1471 1621 1538; x_wconf 45' lang='grc' dir='ltr'>σι’,ιιμιγνίήάμ</span> 
     </span>
     <span class='ocr_line' id='line_1_18' title="bbox 571 1547 1790 1618; baseline -0.003 -15"><span class='ocrx_word' id='word_1_126' title='bbox 571 1549 962 1617; x_wconf 30' lang='grc' dir='ltr'>εὗδαιλιιονοῦντας</span> <span class='ocrx_word' id='word_1_127' title='bbox 996 1547 1111 1612; x_wconf 66' lang='grc' dir='ltr'><em>δἐἱς</em></span> <span class='ocrx_word' id='word_1_128' title='bbox 1147 1551 1322 1615; x_wconf 69' lang='grc' dir='ltr'>δόμους</span> <span class='ocrx_word' id='word_1_129' title='bbox 1356 1554 1572 1601; x_wconf 72' lang='grc' dir='ltr'><em>κτᾶσθαι</em></span> <span class='ocrx_word' id='word_1_130' title='bbox 1609 1551 1790 1618; x_wconf 65' lang='grc' dir='ltr'>φίλους.</span> 
     </span>
     <span class='ocr_line' id='line_1_19' title="bbox 571 1626 1648 1699; baseline -0.004 -17"><span class='ocrx_word' id='word_1_131' title='bbox 571 1630 734 1692; x_wconf 78' lang='grc' dir='ltr'><em>κοινὰς</em></span> <span class='ocrx_word' id='word_1_132' title='bbox 769 1629 855 1699; x_wconf 76' lang='grc' dir='ltr'>γὰρ</span> <span class='ocrx_word' id='word_1_133' title='bbox 891 1628 916 1681; x_wconf 75' lang='grc' dir='ltr'><em>ὅ</em></span> <span class='ocrx_word' id='word_1_134' title='bbox 952 1629 1069 1691; x_wconf 70' lang='grc' dir='ltr'>θεὸς</span> <span class='ocrx_word' id='word_1_135' title='bbox 1101 1628 1188 1690; x_wconf 76' lang='grc' dir='ltr'>τὰς</span> <span class='ocrx_word' id='word_1_136' title='bbox 1220 1628 1362 1693; x_wconf 70' lang='grc' dir='ltr'><em>τύχας</em></span> <span class='ocrx_word' id='word_1_137' title='bbox 1396 1626 1648 1697; x_wconf 62' lang='grc' dir='ltr'>ἡγούμενος</span> 
     </span>
     <span class='ocr_line' id='line_1_20' title="bbox 571 1706 1557 1775; baseline -0.004 -15"><span class='ocrx_word' id='word_1_138' title='bbox 571 1717 675 1770; x_wconf 76' lang='grc' dir='ltr'>τοῖς</span> <span class='ocrx_word' id='word_1_139' title='bbox 707 1713 791 1760; x_wconf 73' lang='grc' dir='ltr'>τοῦ</span> <span class='ocrx_word' id='word_1_140' title='bbox 825 1712 1072 1768; x_wconf 65' lang='grc' dir='ltr'>νοσοῦντος</span> <span class='ocrx_word' id='word_1_141' title='bbox 1106 1707 1325 1775; x_wconf 76' lang='grc' dir='ltr'><em>πήμασιν</em></span> <span class='ocrx_word' id='word_1_142' title='bbox 1360 1706 1557 1758; x_wconf 75' lang='grc' dir='ltr'>διώλεσε</span> 
     </span>
     <span class='ocr_line' id='line_1_21' title="bbox 569 1781 1560 1853; baseline -0.003 -15"><span class='ocrx_word' id='word_1_143' title='bbox 569 1786 650 1838; x_wconf 74' lang='grc' dir='ltr'>τὸν</span> <span class='ocrx_word' id='word_1_144' title='bbox 686 1783 738 1838; x_wconf 74' lang='grc' dir='ltr'>οὗ</span> <span class='ocrx_word' id='word_1_145' title='bbox 772 1790 997 1838; x_wconf 68' lang='grc' dir='ltr'>νοσοῦντα</span> <span class='ocrx_word' id='word_1_146' title='bbox 1031 1782 1198 1836; x_wconf 67' lang='grc' dir='ltr'>κοῦδέν</span> <span class='ocrx_word' id='word_1_147' title='bbox 1231 1781 1493 1853; x_wconf 65' lang='grc' dir='ltr'><em>ἠδικηκότα</em></span> <span class='ocrx_word' id='word_1_148' title='bbox 1510 1792 1560 1849; x_wconf 81' lang='lat'>5).</span> 
     </span>
    </p>
   </div>
   <div class='ocr_carea' id='block_1_4' title="bbox 258 1893 2079 2426">
    <p class='ocr_par' dir='ltr' id='par_1_8' title="bbox 258 1893 2079 2426">
     <span class='ocr_line' id='line_1_22' title="bbox 394 1893 2071 1956; baseline -0.004 -12"><span class='ocrx_word' id='word_1_149' title='bbox 394 1899 596 1944; x_wconf 85' lang='lat' dir='ltr'>Theseus</span> <span class='ocrx_word' id='word_1_150' title='bbox 632 1899 775 1956; x_wconf 85' lang='lat' dir='ltr'>igitur</span> <span class='ocrx_word' id='word_1_151' title='bbox 808 1898 856 1942; x_wconf 88' lang='lat' dir='ltr'>in</span> <span class='ocrx_word' id='word_1_152' title='bbox 890 1898 1140 1942; x_wconf 73' lang='lat' dir='ltr'>Adrastum</span> <span class='ocrx_word' id='word_1_153' title='bbox 1175 1896 1425 1949; x_wconf 88' lang='lat' dir='ltr'>invehitur,</span> <span class='ocrx_word' id='word_1_154' title='bbox 1472 1895 1589 1953; x_wconf 88' lang='lat' dir='ltr'>quod</span> <span class='ocrx_word' id='word_1_155' title='bbox 1624 1894 1739 1939; x_wconf 86' lang='lat' dir='ltr'>filias</span> <span class='ocrx_word' id='word_1_156' title='bbox 1777 1908 1882 1938; x_wconf 85' lang='lat' dir='ltr'>suas</span> <span class='ocrx_word' id='word_1_157' title='bbox 1917 1893 2071 1951; x_wconf 75' lang='lat' dir='ltr'>Tydeo</span> 
     </span>
     <span class='ocr_line' id='line_1_23' title="bbox 258 1970 2072 2036; baseline -0.004 -12"><span class='ocrx_word' id='word_1_158' title='bbox 258 1980 304 2024; x_wconf 87' lang='lat' dir='ltr'>et</span> <span class='ocrx_word' id='word_1_159' title='bbox 349 1977 551 2036; x_wconf 85' lang='lat' dir='ltr'>Polynici</span> <span class='ocrx_word' id='word_1_160' title='bbox 588 1976 867 2036; x_wconf 88' lang='lat' dir='ltr'>desponsans</span> <span class='ocrx_word' id='word_1_161' title='bbox 920 1990 967 2023; x_wconf 92' lang='lat' dir='ltr'>se</span> <span class='ocrx_word' id='word_1_162' title='bbox 1012 1989 1234 2034; x_wconf 89' lang='lat' dir='ltr'>suamque</span> <span class='ocrx_word' id='word_1_163' title='bbox 1278 1974 1466 2020; x_wconf 90' lang='lat' dir='ltr'>domum</span> <span class='ocrx_word' id='word_1_164' title='bbox 1511 1972 1901 2019; x_wconf 75' lang='lat' dir='ltr'>contaminaverit.</span> <span class='ocrx_word' id='word_1_165' title='bbox 1984 1970 2072 2017; x_wconf 88' lang='lat' dir='ltr'>Sed</span> 
     </span>
     <span class='ocr_line' id='line_1_24' title="bbox 259 2050 2077 2115; baseline -0.004 -13"><span class='ocrx_word' id='word_1_166' title='bbox 259 2057 344 2102; x_wconf 90' lang='lat' dir='ltr'>hoc</span> <span class='ocrx_word' id='word_1_167' title='bbox 379 2056 668 2115; x_wconf 88' lang='lat' dir='ltr'>opprobrium</span> <span class='ocrx_word' id='word_1_168' title='bbox 713 2056 845 2115; x_wconf 88' lang='lat' dir='ltr'>plane</span> <span class='ocrx_word' id='word_1_169' title='bbox 880 2055 1105 2101; x_wconf 85' lang='lat' dir='ltr'>iniustum</span> <span class='ocrx_word' id='word_1_170' title='bbox 1149 2057 1218 2100; x_wconf 86' lang='lat' dir='ltr'>est</span> <span class='ocrx_word' id='word_1_171' title='bbox 1252 2067 1401 2112; x_wconf 89' lang='lat' dir='ltr'>neque</span> <span class='ocrx_word' id='word_1_172' title='bbox 1444 2053 1586 2098; x_wconf 89' lang='lat' dir='ltr'>ullam</span> <span class='ocrx_word' id='word_1_173' title='bbox 1633 2052 1770 2097; x_wconf 87' lang='lat' dir='ltr'>habet</span> <span class='ocrx_word' id='word_1_174' title='bbox 1818 2050 2077 2110; x_wconf 82' lang='lat' dir='ltr'>explicatio-</span> 
     </span>
     <span class='ocr_line' id='line_1_25' title="bbox 262 2130 2074 2191; baseline -0.004 -11"><span class='ocrx_word' id='word_1_175' title='bbox 262 2149 381 2189; x_wconf 87' lang='lat' dir='ltr'>nem,</span> <span class='ocrx_word' id='word_1_176' title='bbox 419 2135 457 2179; x_wconf 87' lang='lat' dir='ltr'>si</span> <span class='ocrx_word' id='word_1_177' title='bbox 493 2135 612 2180; x_wconf 89' lang='lat' dir='ltr'>solas</span> <span class='ocrx_word' id='word_1_178' title='bbox 637 2148 708 2179; x_wconf 90' lang='lat' dir='ltr'>res</span> <span class='ocrx_word' id='word_1_179' title='bbox 743 2134 868 2178; x_wconf 84' lang='lat' dir='ltr'>fama</span> <span class='ocrx_word' id='word_1_180' title='bbox 897 2133 1089 2179; x_wconf 83' lang='lat' dir='ltr'>traditas</span> <span class='ocrx_word' id='word_1_181' title='bbox 1124 2133 1403 2191; x_wconf 84' lang='lat' dir='ltr'>respicimus,</span> <span class='ocrx_word' id='word_1_182' title='bbox 1441 2132 1656 2190; x_wconf 88' lang='lat' dir='ltr'>quoniam</span> <span class='ocrx_word' id='word_1_183' title='bbox 1683 2130 1906 2175; x_wconf 87' lang='lat' dir='ltr'>Adrastus</span> <span class='ocrx_word' id='word_1_184' title='bbox 1942 2130 2074 2174; x_wconf 82' lang='lat' dir='ltr'>iussu</span> 
     </span>
     <span class='ocr_line' id='line_1_26' title="bbox 260 2206 2077 2271; baseline -0.003 -14"><span class='ocrx_word' id='word_1_185' title='bbox 260 2212 482 2271; x_wconf 88' lang='lat' dir='ltr'>Apollinis</span> <span class='ocrx_word' id='word_1_186' title='bbox 526 2212 644 2257; x_wconf 90' lang='lat' dir='ltr'>filias</span> <span class='ocrx_word' id='word_1_187' title='bbox 687 2212 973 2257; x_wconf 86' lang='lat' dir='ltr'>collocavisse</span> <span class='ocrx_word' id='word_1_188' title='bbox 1008 2211 1251 2256; x_wconf 80' lang='lat' dir='ltr'>ferebatur.</span> <span class='ocrx_word' id='word_1_189' title='bbox 1333 2210 1435 2255; x_wconf 84' lang='lat' dir='ltr'>Sive</span> <span class='ocrx_word' id='word_1_190' title='bbox 1483 2210 1604 2254; x_wconf 92' lang='lat' dir='ltr'>enim</span> <span class='ocrx_word' id='word_1_191' title='bbox 1641 2206 1779 2266; x_wconf 78' lang='grc' dir='ltr'><em>δῶμα</em></span> <span class='ocrx_word' id='word_1_192' title='bbox 1822 2209 1935 2265; x_wconf 89' lang='lat' dir='ltr'>legis</span> <span class='ocrx_word' id='word_1_193' title='bbox 1981 2208 2077 2252; x_wconf 75' lang='lat' dir='ltr'>sive</span> 
     </span>
     <span class='ocr_line' id='line_1_27' title="bbox 263 2283 2078 2344; baseline -0.003 -9"><span class='ocrx_word' id='word_1_194' title='bbox 263 2289 665 2336; x_wconf 88' lang='lat' dir='ltr'>Wilamowitzium</span> <span class='ocrx_word' id='word_1_195' title='bbox 717 2291 900 2335; x_wconf 90' lang='lat' dir='ltr'>secutus</span> <span class='ocrx_word' id='word_1_196' title='bbox 946 2289 1140 2334; x_wconf 88' lang='lat' dir='ltr'>alteram</span> <span class='ocrx_word' id='word_1_197' title='bbox 1198 2288 1323 2334; x_wconf 91' lang='lat' dir='ltr'>codd.</span> <span class='ocrx_word' id='word_1_198' title='bbox 1381 2287 1622 2333; x_wconf 90' lang='lat' dir='ltr'>lectionem</span> <span class='ocrx_word' id='word_1_199' title='bbox 1675 2283 1814 2344; x_wconf 77' lang='grc' dir='ltr'><em>σῶμα</em></span> <span class='ocrx_word' id='word_1_200' title='bbox 1858 2286 2078 2344; x_wconf 69' lang='grc'>11101156),</span> 
     </span>
     <span class='ocr_line' id='line_1_28' title="bbox 263 2363 2079 2426; baseline -0.003 -13"><span class='ocrx_word' id='word_1_201' title='bbox 263 2369 341 2414; x_wconf 89' lang='lat' dir='ltr'>illa</span> <span class='ocrx_word' id='word_1_202' title='bbox 385 2368 521 2414; x_wconf 87' lang='lat' dir='ltr'>verba</span> <span class='ocrx_word' id='word_1_203' title='bbox 568 2381 746 2426; x_wconf 87' lang='lat' dir='ltr'>quoquo</span> <span class='ocrx_word' id='word_1_204' title='bbox 792 2366 924 2412; x_wconf 90' lang='lat' dir='ltr'>modo</span> <span class='ocrx_word' id='word_1_205' title='bbox 972 2366 1029 2411; x_wconf 92' lang='lat' dir='ltr'>ad</span> <span class='ocrx_word' id='word_1_206' title='bbox 1072 2380 1260 2424; x_wconf 84' lang='lat' dir='ltr'>generos</span> <span class='ocrx_word' id='word_1_207' title='bbox 1307 2365 1493 2411; x_wconf 86' lang='lat' dir='ltr'>Adrasti</span> <span class='ocrx_word' id='word_1_208' title='bbox 1538 2365 1777 2424; x_wconf 82' lang='lat' dir='ltr'>pertinent.</span> <span class='ocrx_word' id='word_1_209' title='bbox 1859 2363 1980 2408; x_wconf 87' lang='lat' dir='ltr'>Nam</span> <span class='ocrx_word' id='word_1_210' title='bbox 2022 2363 2079 2408; x_wconf 92' lang='lat' dir='ltr'>de</span> 
     </span>
    </p>
   </div>
   <div class='ocr_carea' id='block_1_5' title="bbox 268 2488 506 2492">
    <p class='ocr_par' dir='ltr' id='par_1_9' title="bbox 268 2488 506 2492">
     <span class='ocr_line' id='line_1_29' title="bbox 268 2488 506 2492; baseline 0 0"><span class='ocrx_word' id='word_1_211' title='bbox 268 2488 506 2492; x_wconf 95' lang='lat' dir='ltr'> </span> 
     </span>
    </p>
   </div>
   <div class='ocr_carea' id='block_1_6' title="bbox 508 2486 737 2491">
    <p class='ocr_par' dir='ltr' id='par_1_10' title="bbox 508 2486 737 2491">
     <span class='ocr_line' id='line_1_30' title="bbox 508 2486 737 2491; baseline 0 0"><span class='ocrx_word' id='word_1_212' title='bbox 508 2486 737 2491; x_wconf 95' lang='lat' dir='ltr'> </span> 
     </span>
    </p>
   </div>
   <div class='ocr_carea' id='block_1_7' title="bbox 265 2570 2079 3147">
    <p class='ocr_par' dir='ltr' id='par_1_11' title="bbox 266 2570 2078 2691">
     <span class='ocr_line' id='line_1_31' title="bbox 266 2570 2078 2628; baseline -0.005 -12"><span class='ocrx_word' id='word_1_213' title='bbox 266 2590 352 2628; x_wconf 87' lang='lat' dir='ltr'>pag.</span> <span class='ocrx_word' id='word_1_214' title='bbox 384 2577 431 2615; x_wconf 83' lang='lat'>27</span> <span class='ocrx_word' id='word_1_215' title='bbox 487 2575 746 2615; x_wconf 84' lang='lat' dir='ltr'>Plutarchum</span> <span class='ocrx_word' id='word_1_216' title='bbox 775 2586 923 2612; x_wconf 85' lang='lat' dir='ltr'>errasse</span> <span class='ocrx_word' id='word_1_217' title='bbox 951 2574 1055 2621; x_wconf 85' lang='lat' dir='ltr'>dicit,</span> <span class='ocrx_word' id='word_1_218' title='bbox 1085 2572 1193 2611; x_wconf 89' lang='lat' dir='ltr'>nulla</span> <span class='ocrx_word' id='word_1_219' title='bbox 1221 2573 1297 2611; x_wconf 88' lang='lat' dir='ltr'>alia</span> <span class='ocrx_word' id='word_1_220' title='bbox 1324 2572 1454 2610; x_wconf 84' lang='lat' dir='ltr'>addita</span> <span class='ocrx_word' id='word_1_221' title='bbox 1482 2583 1601 2610; x_wconf 83' lang='lat' dir='ltr'>causa</span> <span class='ocrx_word' id='word_1_222' title='bbox 1635 2571 1709 2608; x_wconf 80' lang='lat' dir='ltr'>nisi</span> <span class='ocrx_word' id='word_1_223' title='bbox 1738 2570 1842 2619; x_wconf 90' lang='lat' dir='ltr'>quod</span> <span class='ocrx_word' id='word_1_224' title='bbox 1870 2570 2078 2619; x_wconf 70' lang='lat' dir='ltr'>Euripides</span> 
     </span>
     <span class='ocr_line' id='line_1_32' title="bbox 266 2640 996 2691; baseline -0.004 -11"><span class='ocrx_word' id='word_1_225' title='bbox 266 2642 380 2680; x_wconf 87' lang='lat' dir='ltr'>ludos</span> <span class='ocrx_word' id='word_1_226' title='bbox 409 2642 611 2691; x_wconf 85' lang='lat' dir='ltr'>gymnicos</span> <span class='ocrx_word' id='word_1_227' title='bbox 639 2652 717 2679; x_wconf 90' lang='lat' dir='ltr'>non</span> <span class='ocrx_word' id='word_1_228' title='bbox 744 2640 996 2678; x_wconf 83' lang='lat' dir='ltr'>adamaverit.</span> 
     </span>
    </p>

    <p class='ocr_par' dir='ltr' id='par_1_12' title="bbox 265 2700 2079 2821">
     <span class='ocr_line' id='line_1_33' title="bbox 401 2700 2079 2754; baseline -0.003 -10"><span class='ocrx_word' id='word_1_229' title='bbox 401 2707 430 2754; x_wconf 87' lang='lat'>¹)</span> <span class='ocrx_word' id='word_1_230' title='bbox 460 2705 515 2744; x_wconf 85' lang='lat' dir='ltr'>Cf.</span> <span class='ocrx_word' id='word_1_231' title='bbox 554 2705 713 2744; x_wconf 87' lang='lat' dir='ltr'>Hertzb.</span> <span class='ocrx_word' id='word_1_232' title='bbox 750 2704 775 2743; x_wconf 94' lang='grc'>1.</span> <span class='ocrx_word' id='word_1_233' title='bbox 814 2716 847 2743; x_wconf 87' lang='grc'>0.</span> <span class='ocrx_word' id='word_1_234' title='bbox 884 2716 969 2753; x_wconf 86' lang='lat' dir='ltr'>pag.</span> <span class='ocrx_word' id='word_1_235' title='bbox 1002 2703 1088 2741; x_wconf 85' lang='lat'>130.</span> <span class='ocrx_word' id='word_1_236' title='bbox 1143 2702 1282 2752; x_wconf 86' lang='lat' dir='ltr'>Bergk.</span> <span class='ocrx_word' id='word_1_237' title='bbox 1320 2701 1345 2740; x_wconf 92' lang='grc'>1.</span> <span class='ocrx_word' id='word_1_238' title='bbox 1385 2714 1416 2739; x_wconf 89' lang='grc'>0.</span> <span class='ocrx_word' id='word_1_239' title='bbox 1455 2713 1541 2750; x_wconf 85' lang='lat' dir='ltr'>pag.</span> <span class='ocrx_word' id='word_1_240' title='bbox 1572 2702 1660 2739; x_wconf 74' lang='lat'>477.</span> <span class='ocrx_word' id='word_1_241' title='bbox 1690 2700 1779 2739; x_wconf 79' lang='lat'>484.</span> <span class='ocrx_word' id='word_1_242' title='bbox 1836 2700 1958 2739; x_wconf 79' lang='lat' dir='ltr'>Zastr.</span> <span class='ocrx_word' id='word_1_243' title='bbox 1987 2700 2013 2738; x_wconf 93' lang='grc'>1.</span> <span class='ocrx_word' id='word_1_244' title='bbox 2044 2713 2079 2739; x_wconf 82' lang='lat' dir='ltr'>c.</span> 
     </span>
     <span class='ocr_line' id='line_1_34' title="bbox 265 2771 439 2821; baseline -0.006 -12"><span class='ocrx_word' id='word_1_245' title='bbox 265 2784 352 2821; x_wconf 85' lang='lat' dir='ltr'>pag.</span> <span class='ocrx_word' id='word_1_246' title='bbox 379 2771 439 2809; x_wconf 84' lang='lat'>10.</span> 
     </span>
    </p>

    <p class='ocr_par' dir='ltr' id='par_1_13' title="bbox 400 2832 1053 2885">
     <span class='ocr_line' id='line_1_35' title="bbox 400 2832 1053 2885; baseline -0.005 -12"><span class='ocrx_word' id='word_1_247' title='bbox 400 2836 430 2885; x_wconf 77' lang='lat'>²)</span> <span class='ocrx_word' id='word_1_248' title='bbox 458 2834 515 2873; x_wconf 80' lang='lat' dir='ltr'>Cf.</span> <span class='ocrx_word' id='word_1_249' title='bbox 543 2833 701 2871; x_wconf 81' lang='lat' dir='ltr'>Hertzb.</span> <span class='ocrx_word' id='word_1_250' title='bbox 730 2832 756 2871; x_wconf 92' lang='lat' dir='ltr'>l.</span> <span class='ocrx_word' id='word_1_251' title='bbox 786 2845 818 2871; x_wconf 89' lang='grc'>0.</span> <span class='ocrx_word' id='word_1_252' title='bbox 848 2844 933 2882; x_wconf 85' lang='lat' dir='ltr'>pag.</span> <span class='ocrx_word' id='word_1_253' title='bbox 967 2832 1053 2870; x_wconf 86' lang='lat'>130.</span> 
     </span>
    </p>

    <p class='ocr_par' dir='ltr' id='par_1_14' title="bbox 402 2897 991 2946">
     <span class='ocr_line' id='line_1_36' title="bbox 402 2897 991 2946; baseline -0.007 -8"><span class='ocrx_word' id='word_1_254' title='bbox 402 2901 432 2945; x_wconf 78' lang='grc'>3)</span> <span class='ocrx_word' id='word_1_255' title='bbox 461 2900 516 2938; x_wconf 83' lang='lat' dir='ltr'>Cf.</span> <span class='ocrx_word' id='word_1_256' title='bbox 548 2899 668 2937; x_wconf 79' lang='lat' dir='ltr'>Zastr.</span> <span class='ocrx_word' id='word_1_257' title='bbox 696 2898 722 2937; x_wconf 92' lang='lat' dir='ltr'>l.</span> <span class='ocrx_word' id='word_1_258' title='bbox 752 2910 783 2936; x_wconf 91' lang='grc'>0.</span> <span class='ocrx_word' id='word_1_259' title='bbox 814 2909 900 2946; x_wconf 86' lang='lat' dir='ltr'>pag.</span> <span class='ocrx_word' id='word_1_260' title='bbox 931 2897 991 2935; x_wconf 88' lang='grc'>10.</span> 
     </span>
    </p>

    <p class='ocr_par' dir='ltr' id='par_1_15' title="bbox 398 2960 1257 3015">
     <span class='ocr_line' id='line_1_37' title="bbox 398 2960 1257 3015; baseline -0.003 -12"><span class='ocrx_word' id='word_1_261' title='bbox 398 2966 429 3015; x_wconf 81' lang='grc'>4)</span> <span class='ocrx_word' id='word_1_262' title='bbox 458 2964 579 3003; x_wconf 89' lang='lat' dir='ltr'>Velut</span> <span class='ocrx_word' id='word_1_263' title='bbox 608 2962 835 3002; x_wconf 86' lang='lat' dir='ltr'>Heraclidas</span> <span class='ocrx_word' id='word_1_264' title='bbox 864 2964 903 3000; x_wconf 88' lang='lat' dir='ltr'>et</span> <span class='ocrx_word' id='word_1_265' title='bbox 930 2960 1257 3000; x_wconf 69' lang='lat' dir='ltr'>Andromacham.</span> 
     </span>
    </p>

    <p class='ocr_par' dir='ltr' id='par_1_16' title="bbox 401 3028 959 3079">
     <span class='ocr_line' id='line_1_38' title="bbox 401 3028 959 3079; baseline -0.005 -11"><span class='ocrx_word' id='word_1_266' title='bbox 401 3031 432 3079; x_wconf 80' lang='lat'>5)</span> <span class='ocrx_word' id='word_1_267' title='bbox 462 3030 517 3069; x_wconf 82' lang='lat' dir='ltr'>Cf.</span> <span class='ocrx_word' id='word_1_268' title='bbox 548 3028 682 3078; x_wconf 83' lang='lat' dir='ltr'>Suppl.</span> <span class='ocrx_word' id='word_1_269' title='bbox 711 3041 750 3067; x_wconf 83' lang='lat' dir='ltr'>v.</span> <span class='ocrx_word' id='word_1_270' title='bbox 780 3028 857 3066; x_wconf 79' lang='lat'>220</span> <span class='ocrx_word' id='word_1_271' title='bbox 876 3039 959 3076; x_wconf 88' lang='lat' dir='ltr'>sqq.</span> 
     </span>
    </p>

    <p class='ocr_par' dir='ltr' id='par_1_17' title="bbox 400 3092 988 3147">
     <span class='ocr_line' id='line_1_39' title="bbox 400 3092 988 3147; baseline -0.009 -11"><span class='ocrx_word' id='word_1_272' title='bbox 400 3095 430 3147; x_wconf 83' lang='lat'>⁶)</span> <span class='ocrx_word' id='word_1_273' title='bbox 461 3095 519 3136; x_wconf 83' lang='lat' dir='ltr'>Cf.</span> <span class='ocrx_word' id='word_1_274' title='bbox 547 3094 660 3135; x_wconf 88' lang='lat' dir='ltr'>Anal.</span> <span class='ocrx_word' id='word_1_275' title='bbox 689 3093 781 3134; x_wconf 67' lang='lat' dir='ltr'>Em:</span> <span class='ocrx_word' id='word_1_276' title='bbox 810 3105 896 3145; x_wconf 85' lang='lat' dir='ltr'>pag.</span> <span class='ocrx_word' id='word_1_277' title='bbox 925 3092 988 3132; x_wconf 83' lang='lat'>89.</span> 
     </span>
    </p>
   </div>
  </div>
 </body>
</html>
