2281 3492
1201 81 1261 126 40

328 241 486 285 censet
520 237 920 299 compluribusque
966 240 1077 286 locis
1113 239 1271 286 laudat
1291 238 1346 299 1),
1392 238 1577 284 stabant
1623 237 1742 284 cives
1777 236 1972 284 modesti
2006 238 2141 296 atquc

328 318 603 363 considerati
641 313 705 376 (οἳ
743 311 986 380 σώφρονες
1018 319 1161 364 Thuc.
1198 319 1259 363 IV
1287 319 1363 371 28,
1389 319 1451 374 5),
1505 318 1584 375 qui
1619 330 1646 362 a
1679 317 1873 362 licentiis
1906 316 2031 374 vulgi
2063 328 2141 374 per

327 398 483 455 turpes
520 396 851 442 contionatores
888 397 1120 456 depravati
1157 411 1247 443 non
1281 397 1436 442 minus
1473 409 1612 454 quam
1647 395 1705 440 ab
1740 394 2031 455 optimatium
2066 393 2139 439 do-

328 474 511 520 minatu
546 475 691 521 aversi
725 475 1016 522 moderatum
1050 476 1201 536 populi
1235 475 1477 535 imperium
1519 474 1732 520 volebant
1769 466 1845 533 (τὰ
1888 470 2015 532 μέσα
2047 468 2139 518 τῶν

327 550 545 598 πολιτῶν
599 554 739 600 Thuc.
777 554 848 599 ΙΙΙ
885 556 971 609 82,
1009 556 1056 615 8)
1075 556 1134 616 2),
1190 555 1394 600 homines
1437 553 1651 599 mediocri
1705 553 1825 598 vitae
1879 552 2137 598 condicione

328 635 536 688 utentes,
580 633 807 692 imprimis
842 634 1005 680 rustici
1041 637 1087 680 et
1120 633 1314 679 maiores
1349 635 1474 678 natU.
1513 631 1601 689 Qui
1635 645 1741 677 cum
1776 631 1989 677 diuturno
2025 630 2138 676 bello

328 712 479 771 magis
503 712 691 771 reliquis
726 712 895 758 civium
929 712 1133 772 partibus
1161 713 1442 766 vexarentur,
1479 723 1759 770 quamquam
1789 709 1962 770 patriae
1997 707 2140 767 digni-

326 794 476 836 tatem
509 792 724 836 imminui
748 792 976 844 nolebant,
1012 792 1112 850 paci
1147 794 1302 836 tamen
1338 803 1623 848 summopere
1653 789 1899 834 studebant
1916 790 1967 848 3).
2020 787 2138 833 Huic

329 883 435 928 ergo
481 870 602 930 parti
653 869 892 930 Euripides
949 870 1173 930 optimum
1228 883 1454 929 quemque
1510 867 1790 928 adscriptum
1843 880 1940 913 esse
1984 865 2138 921 voluit,

329 950 638 994 extremarum
683 949 935 994 factionum
985 949 1135 994 studia
1179 948 1450 1008 improbavit
1463 948 1516 1007 4).
1602 946 1910 1006 Optimatibus
1958 945 2140 1005 quidem

330 1027 505 1072 mirum
538 1028 587 1072 in
612 1027 801 1072 modum
836 1027 1049 1086 pepercit,
1085 1030 1130 1072 et
1153 1028 1357 1072 consulto
1392 1025 1641 1084 pepercisse
1676 1024 1867 1078 videtur,
1905 1025 1995 1070 sive
2020 1023 2139 1082 quod

327 1106 441 1150 tunc
490 1105 631 1163 quieti
676 1107 808 1150 erant
851 1107 895 1150 et
941 1118 1022 1149 cur
1063 1103 1498 1163 reprehenderentur
1541 1116 1679 1148 causa
1714 1117 1803 1148 non
1838 1104 1935 1148 erat
1952 1102 2011 1162 5),
2048 1101 2141 1147 sive

330 1182 452 1242 quod
475 1183 730 1229 Alcibiades
755 1184 863 1242 ipse,
899 1182 1178 1228 nobilissimo
1214 1182 1307 1227 loco
1332 1184 1484 1235 natus,
1521 1195 1573 1226 ex
1607 1181 1661 1226 iis
1697 1183 1805 1226 erat.
1853 1180 2009 1239 Neque
2043 1180 2140 1225 1000

332 1276 470 1322 supra
506 1263 660 1316 allato,
695 1262 775 1308 ubi
819 1261 873 1307 de
910 1261 1056 1307 tribus
1098 1260 1264 1307 civium
1300 1260 1505 1320 partibus
1551 1273 1697 1305 sermo
1733 1261 1822 1314 est,
1866 1273 2030 1318 genere
2064 1272 2143 1305 no—

330 1341 458 1395 biles,
496 1341 574 1386 sed
610 1340 770 1386 divites
795 1339 1081 1385 multitudini
1116 1340 1403 1398 opponuntur
1419 1339 1484 1398 6);
1522 1340 1657 1397 atque
1694 1338 1731 1383 si
1755 1337 1993 1397 Euripides
2028 1337 2142 1397 opti-

328 1422 478 1465 mates
513 1433 712 1478 pungere
747 1419 976 1473 voluisset,
1001 1402 1131 1464 ‘certe
1167 1432 1256 1463 non
1292 1417 1345 1463 de
1381 1417 1652 1476 tyrannidis,
1689 1416 1766 1463 sed
1801 1416 1855 1462 de
1889 1430 2140 1476 paucorum

328 1497 508 1557 imperii
550 1497 849 1543 incommodis
896 1496 1124 1543 Theseum
1169 1498 1326 1542 contra
1373 1509 1640 1555 praeconem
1684 1494 1954 1542 Thebanum
1989 1483 2144 1555 dispu-

329 1579 506 1622 tantem
530 1577 725 1629 fecisset,
760 1576 1028 1634 praesertim
1064 1589 1169 1620 cum
1203 1575 1408 1620 Thebani
1444 1589 1493 1619 eo
1528 1577 1728 1633 tempore
1763 1588 1856 1619 non
1890 1574 2026 1619 unius
2063 1573 2141 1618 sed

327 1668 579 1714 paucorum
613 1656 837 1714 potestate
871 1656 1150 1712 regerentur.

464 1759 529 1806 Eo
553 1760 869 1807 vehementius
906 1761 1062 1805 autem
1097 1759 1145 1804 in
1180 1758 1453 1804 dissolutum
1475 1758 1640 1816 vulgus
1676 1757 1862 1816 eiusque
1887 1757 2144 1803 turbatores

325 1839 580 1885 invehitur:
637 1839 804 1899 „Vanis
859 1838 1141 1884 sermonibus
1192 1837 1454 1892 hominum,
1501 1837 1579 1896 qui
1615 1836 1725 1891 sibi,
1776 1850 1868 1882 non
1912 1835 2144 1881 communi

331 1918 470 1964 saluti
515 1918 778 1971 consulant,
821 1917 1030 1962 inflatam
1075 1916 1419 1961 multitudinem
1465 1916 1555 1960 huc
1589 1915 1697 1960 illuc
1732 1914 1868 1969 verti,
1914 1928 2011 1960 esse
2045 1928 2143 1959 mo-

461 2146 488 2194 1)
518 2145 574 2184 Cf.
617 2146 736 2184 Thuc.
781 2146 838 2183 ed.
883 2145 937 2183 Io.
981 2144 1120 2183 Matth.
1168 2143 1289 2182 Stahl.
1358 2143 1463 2192 Lips.
1510 2143 1610 2181 1873
1652 2143 1715 2182 ed.
1764 2144 1853 2181 ster.
1896 2142 2014 2191 praef.
2056 2153 2144 2190 pag.

325 2211 515 2250 XVIIIB
545 2223 629 2260 sqq.

459 2291 487 2339 2)
519 2290 574 2328 Cf.
606 2289 728 2328 Stahl.
759 2289 783 2327 1.
815 2301 848 2327 0.
877 2301 963 2338 pag.
993 2288 1075 2326 XX
1103 2288 1150 2326 B.

460 2371 489 2417 3)
519 2369 574 2407 Cf.
605 2368 710 2407 Plut.
741 2367 829 2406 Nic.
861 2380 893 2406 C.
922 2366 984 2405 IX
1011 2362 1099 2406 voi.-
1134 2370 1210 2415 μὲν
1245 2356 1315 2403 οὖν
1343 2361 1529 2416 εὗπὸρους
1556 2369 1621 2402 καὶ
1649 2368 1939 2416 πρεσβυτέρους
1966 2367 2031 2400 καὶ
2058 2362 2143 2400 τῶν

328 2433 513 2486 γεωργῶν
554 2430 601 2471 τὸ
641 2432 800 2481 πλῆθος
842 2428 1021 2469 αὐτόθεν
1063 2427 1258 2482 εἰρηνικὸν
1299 2431 1414 2481 εἶχεν.
1462 2454 1511 2458 -
1559 2430 1658 2470 Gilb.
1695 2429 1720 2469 l.
1759 2442 1791 2469 C.
1834 2441 1919 2480 pag.
1951 2428 2026 2467 205
2055 2439 2140 2478 sqq.

327 2500 421 2539 Bus.
451 2500 476 2539 1.
507 2513 540 2539 0.
570 2513 656 2549 pag.
687 2501 748 2538 95.
807 2498 989 2537 Schenkl.
1019 2498 1044 2537 1.
1076 2511 1108 2536 0.
1138 2510 1223 2547 pag.
1254 2498 1314 2536 3⁴2.

459 2579 489 2628 4)
519 2578 573 2617 Cf.
604 2578 697 2617 Eur.
727 2577 802 2616 fab.
836 2578 950 2627 frgm.
981 2576 1050 2613 21:

725 2651 868 2694 δοκεῖτ’
899 2652 949 2692 ἂν
979 2657 1100 2692 οἰκεῖν
1127 2658 1257 2705 γαῖαν,
1289 2655 1322 2689 εἰ
1349 2657 1471 2699 πένης
1499 2647 1602 2691 ἅπας

725 2717 815 2761 λαὸς
843 2718 1095 2759 πολιτεύοιτο
1123 2717 1326 2757 πλουσίων
1355 2713 1469 2769 ἄτερς

724 2783 795 2826 ofin
824 2783 874 2825 ἂν
901 2792 1060 2839 γένοιτο
1085 2789 1206 2836 χωρὶς
1235 2780 1365 2822 ἐσθλὰ
1392 2788 1457 2821 καὶ
1484 2781 1595 2829 κακά,

725 2849 807 2891 ἀλλ’
838 2856 924 2891 ἔστι
952 2869 1011 2893 τις
1040 2851 1259 2904 σύγκρασις,
1290 2845 1384 2888 ὥστ)
1414 2853 1520 2900 ἔχειν
1545 2848 1680 2890 καλῶς.

327 2936 416 2976 Vid.
447 2934 629 2974 Schenkl.
658 2934 683 2974 1.
715 2947 748 2973 0.
778 2947 862 2984 pag.
893 2934 955 2973 33.
1011 2932 1151 2983 Bergk.
1181 2931 1206 2969 1.
1237 2943 1268 2970 0.
1298 2943 1384 2981 pag.
1414 2930 1502 2970 578.

458 3015 489 3064 ⁵)
519 3014 575 3054 Cf.
606 3013 767 3052 Hertzb.
795 3012 821 3052 1.
852 3026 883 3052 0.
913 3025 998 3062 pag.
1031 3012 1080 3050 79
1109 3023 1192 3061 sqq.
1248 3010 1406 3049 Beloch.
1436 3010 1461 3049 l.
1492 3022 1525 3049 c.
1554 3022 1640 3060 pag.
1672 3009 1695 3047 ‘2
1723 3020 1807 3058 sqq.

456 3095 487 3146 ὃ)
518 3094 573 3134 Cf.
603 3093 763 3133 Beloch.
793 3091 818 3132 1.
850 3104 882 3132 0.
915 3104 1000 3143 pag.
1033 3092 1068 3132 2.
