2281 3492
1139 101 1198 144 25

264 252 728 299 Lacedaemoniorum
752 255 964 313 corrupit,
999 257 1052 301 ut
1085 256 1249 301 horum
1286 271 1381 302 sors
1418 258 1651 304 excideret.
1701 258 1841 305 Cuius
1876 261 1939 306 rei
1970 275 2077 306 cum

263 330 420 378 Nicia-s
450 331 567 378 cives
604 347 709 379 suos
745 333 832 379 alio
856 333 989 380 modo
1023 335 1233 381 certiores
1269 335 1415 382 facere
1450 350 1539 382 non
1563 340 1727 396 posset,
1753 339 2077 398 Aristophanes

268 436 330 442 —
370 409 408 455 si
444 410 630 469 quidem
667 410 925 458 Gilbertum
961 413 1090 472 sequi
1123 412 1231 459 licet
1254 440 1316 447 —
1343 413 1419 459 illo
1455 417 1636 461 auctore
1673 416 1927 463 comoediae
1963 431 2079 476 quae

263 487 415 548 ⁷,Pax“
451 488 715 534 inscribitur
748 491 831 536 hos
867 491 980 536 duos
1014 504 1172 536 versus
1207 492 1421 537 inseruit:

367 581 521 625 EPM.
581 565 853 638 ἀπόλωλας,
892 569 930 627 ὦ
964 574 1273 641 κακόδαιμον.

374 659 559 703 ΤΡΥΓ.
1194 651 1372 718 οὗκοῦν,
1410 651 1463 724 ἢν
1496 654 1640 718 λάχω.

576 729 744 799 (Ερμῆς
778 730 866 798 γὰρ
901 727 965 782 ὢν
998 730 1154 800 κλήρῳ
1188 732 1411 801 ποιήσεις
1448 730 1539 785 οἶδ)
1577 731 1650 785 ὅτι
1668 742 1718 801 1).

263 826 365 873 Hoc
401 829 557 874 autem
594 842 643 874 eo
678 828 772 875 veri
808 829 1001 875 similius
1037 843 1134 875 esse
1170 830 1280 876 dicit
1315 830 1562 886 Gilbertus‚
1599 832 1718 891 quod
1749 832 1815 877 illi
1840 847 1995 878 versus
2027 833 2073 878 in

264 919 458 951 sensum
488 907 628 953 totius
664 908 749 953 loci
788 908 942 953 minus
984 908 1209 967 quadrent
1243 911 1288 955 et
1323 910 1552 956 comoedia
1586 911 1686 969 ipsa
1721 912 1880 970 paucis
1916 911 2075 958 diebus

259 986 367 1030 acta
403 985 463 1030 sit
497 987 746 1044 antequam
779 1000 867 1045 pax
901 986 1093 1032 Niciana
1128 987 1423 1034 conficeretur
1440 989 1490 1048 2).

394 1109 436 1153 3.
498 1108 724 1154 Adrastus
760 1124 841 1155 cur
876 1111 976 1156 aliis
1012 1111 1273 1157 civitatibus
1297 1112 1516 1170 neglectis
1541 1113 1746 1158 Athenas
1782 1113 2075 1171 potissimum

256 1184 424 1231 adierit
458 1186 594 1233 hasce
630 1186 777 1233 adfert
811 1201 975 1234 causas
993 1189 1056 1249 3):

581 1271 778 1340 Σπάρτη
812 1276 899 1337 μὲν
934 1269 1037 1341 ὠμὴ
1072 1278 1155 1324 καὶ
1190 1275 1510 1325 πεποίκιλται
1544 1274 1766 1341 τρόποι-ς,

575 1348 635 1401 τὰ
670 1345 837 1402 δ’ἔλλα
871 1350 1019 1419 μικρὰ
1053 1348 1290 1421 κάσθενῆ·
1327 1352 1474 1415 πόλις
1508 1357 1562 1405 δὲ
1598 1352 1656 1422 σὴ

546 1427 694 1497 ’μόνη
729 1426 905 1480 δύναιτ’
942 1426 1000 1480 ὃν
1032 1428 1161 1481 τόνδ)
1198 1429 1463 1499 ὑποστῆναι
1498 1431 1672 1483 πόνον·

577 1505 638 1556 τά
672 1502 885 1574 τὀἰκτρὰ
921 1506 1008 1573 γὰρ
1043 1511 1238 1573 δέδορκε
1272 1512 1355 1559 καὶ
1391 1511 1573 1559 νεανίαν

579 1585 674 1646 ἔχει
710 1587 764 1634 σὲ
800 1581 993 1648 ποιμέν’
1032 1586 1233 1636 ἐσθλόν·
1271 1578 1324 1637 οὗ
1356 1589 1488 1654 χρεία
1523 1586 1692 1648 πόλεις

575 1665 756 1713 πολλαὶ
791 1659 1006 1714 διώλοντ’
1045 1666 1217 1724 ἐνδεεῖς
1252 1664 1584 1733 στρατηλάτου.

388 1759 487 1805 Hoc
541 1759 636 1805 loco
692 1762 824 1819 poeta
876 1761 1148 1817 Argivorum
1204 1764 1394 1807 conatus
1441 1762 1617 1808 foedera
1669 1778 1775 1809 cum
1828 1763 2073 1810 Corinthiis

254 1836 488 1883 Thebanis
535 1840 580 1883 et
626 1840 852 1897 postremo
898 1852 1005 1885 cum
1052 1838 1289 1900 Spartanis
1335 1840 1529 1887 faciendi
1574 1841 1769 1888 dilucide
1805 1842 2072 1901 designa-vit.

259 1918 410 1975 Atque
446 1916 490 1961 id
539 1920 723 1963 secutus
771 1932 868 1963 esse
915 1918 1120 1972 videtur,
1171 1921 1224 1964 ut
1260 1919 1589 1978 Spartanorum
1634 1935 1788 1967 saevos
1832 1921 2073 1981 vafrosque

256 2009 421 2050 mores,
458 1996 740 2054 reliquarum
774 2011 878 2043 vero
914 1997 1154 2043 civitatum
1178 1998 1539 2044 imbecillitatem
1575 2014 1936 2046 commemorans
1971 2001 2072 2047 illos

255 2075 449 2119 conatus
483 2075 536 2118 ut
571 2087 709 2119 vanos
735 2074 1083 2133 reprehenderet
1117 2089 1262 2134 neque
1287 2076 1539 2135 quidquam
1575 2078 1696 2122 aliud
1724 2078 1813 2123 nisi
1847 2081 1901 2123 ut
1936 2079 2075 2125 socie-

254 2153 403 2197 tatem
439 2152 785 2197 Atheniensium
821 2155 1026 2212 peterent
1059 2154 1248 2212 Argivos
1295 2154 1441 2201 facere
1484 2169 1614 2214 posse
1658 2158 1887 2210 moneret,
1935 2157 2076 2203 Athe-

258 2230 437 2275 nienses
485 2232 640 2275 autem
687 2231 869 2277 eosdem
916 2234 1108 2277 conatus
1155 2246 1288 2290 aegre
1331 2233 1526 2279 ferentes
1571 2248 1620 2279 eo
1657 2235 1774 2292 quod
1822 2235 2073 2280 Adrastum

254 2307 461 2366 ipsorum
495 2321 600 2366 opes
637 2310 774 2366 atque
811 2309 1000 2355 virtutes
1043 2324 1182 2368 quam
1217 2311 1415 2356 maxime
1449 2311 1716 2358 laudantem
1750 2312 1859 2358 facit
1895 2314 2072 2371 Argivis

256 2385 571 2431 reconciliaret
585 2386 638 2446 4).
710 2384 917 2445 Cumque
951 2386 999 2432 in
1022 2387 1118 2447 ipso
1152 2387 1333 2435 fabulae
1358 2391 1628 2448 argumento
1663 2390 1775 2435 nihil
1810 2390 1870 2436 sit
1904 2404 2072 2438 causae

256 2478 340 2510 cur
364 2463 599 2524 Spartanis
634 2465 744 2510 talia
768 2465 1034 2520 obiciantur,
1071 2480 1355 2526 quamquam
1390 2468 1447 2513 ad
1471 2469 1708 2527 perfidiam
1744 2484 1834 2528 qua
1869 2470 1916 2515 in
1945 2471 2071 2530 pacis

257 2543 597 2589 condicionibus
633 2543 931 2602 exsequendis
966 2544 1038 2589 usi
1084 2547 1215 2590 erant
1258 2548 1361 2604 apte
1397 2546 1679 2601 referuntur,
1725 2548 1878 2607 aptius
1913 2551 2072 2595 tamen

254 2620 413 2667 referri
458 2621 670 2668 videntur
712 2622 770 2667 ad
815 2635 868 2668 ea
910 2635 1025 2680 quae
1060 2622 1186 2668 brevi
1228 2625 1333 2670 ante
1369 2622 1698 2683 Spartanorum
1739 2626 1876 2684 legati
1918 2641 2074 2674 coram

255 2699 467 2745 universo
492 2700 842 2745 Atheniensium
875 2700 1037 2758 populo
1072 2701 1239 2759 perfide
1275 2704 1413 2759 atque
1448 2702 1561 2748 falso
1589 2706 1788 2761 egerant,
1826 2706 1872 2750 in
1910 2709 2075 2751 senatu

356 2908 372 2924 ·
391 2892 420 2941 1)
449 2891 505 2931 Cf.
536 2892 654 2931 Arist.
684 2891 775 2931 Pac.
804 2904 842 2930 v,
873 2892 950 2931 364
977 2904 1035 2942 sq.

389 2961 420 3006 2)
449 2957 505 2996 Cf.
537 2958 634 2996 Gilb.
664 2957 689 2996 1.
721 2970 753 2996 c.
783 2969 869 3007 pag.
900 2957 975 2996 :206
995 2969 1078 3007 sqq.

391 3025 422 3073 3)
451 3023 584 3074 Suppl.
615 3036 652 3063 v,
676 3022 749 3062 187
770 3035 853 3073 sqq.

386 3089 420 3139 4)
448 3089 537 3129 Vid.
559 3090 676 3128 etiam
705 3089 832 3128 Zirnd.
861 3089 886 3128 1.
918 3101 951 3128 c.
980 3101 1066 3140 pag.
1097 3090 1158 3129 53.
