2281 3492
1162 89 1220 132 16

275 241 333 286 ab
376 241 679 299 Aristophane
721 241 938 287 docemur
956 244 1006 301 1).
1095 243 1237 288 Paulo
1281 246 1383 302 post
1433 246 1692 291 Alcibiades
1738 247 1930 293 eandem
1973 248 2098 294 viam

273 319 509 378 ingressus
556 321 638 374 est,
690 333 798 366 cum
841 319 938 366 odio
975 319 1463 377 Lacedaemoniorum,
1514 323 1592 382 qui
1637 338 1687 370 eo
1723 327 1984 386 contempto
2018 340 2103 387 per

277 397 458 443 Niciam
494 400 540 443 et
574 398 822 443 Lachetem
856 413 1016 457 pacem
1052 413 1159 444 cum
1180 401 1549 446 Atheniensibus
1584 401 1799 456 fecerant,
1835 407 1938 449 tum
1974 405 2097 463 quod

275 475 541 521 societatem
597 476 870 533 Argivorum
925 477 1074 534 magis
1125 490 1266 535 quam
1322 478 1576 523 amicitiam
1630 479 2098 528 Lacedaemoniorum

273 553 448 612 patriae
503 553 716 612 prodesse
772 567 1044 612 persuasum
1104 555 1304 600 habebat
1317 556 1366 614 2).
1450 556 1612 615 Itaque
1676 556 1774 602 iam
1831 571 1949 604 anno
1997 560 2093 604 421

275 645 461 676 summa
496 631 662 676 virium
697 631 982 677 contentione
1017 631 1175 678 Niciae
1220 633 1417 688 obstitit,
1463 648 1521 680 ne
1555 648 1716 693 pacem
1751 635 2005 690 conficeret,
2050 639 2100 682 et

274 712 377 768 post
410 709 575 755 initam
609 723 768 768 pacem
805 724 987 769 operam
1023 710 1161 764 dedit,
1197 714 1249 757 ut
1272 712 1445 758 bellum
1467 712 1865 771 redintegraretur,
1900 728 2096 760 monens

274 788 657 845 Lacedaemonios
692 802 784 833 non
820 802 871 834 ex
908 789 1050 834 animi
1082 790 1308 835 sententia
1331 791 1686 836 Atheniensibus
1722 805 1898 851 cupere,
1934 792 2014 839 sed
2038 807 2099 839 ea

274 869 459 911 tantum
505 866 560 911 de
604 879 744 911 causa
779 880 939 925 pacem
974 881 1202 925 quaerere,
1245 871 1298 913 ut
1332 869 1522 927 Argivos
1563 870 1789 915 desolatos
1837 870 2095 930 auxilioque

274 944 520 989 destitutos
563 958 614 989 eo
659 943 836 989 facilius
882 946 1134 1003 opprimere
1177 949 1384 1004 possent,
1436 948 1705 1005 praesertim
1749 962 1856 993 cum
1900 962 1988 1007 pax
2034 950 2094 994 ab

272 1021 385 1080 ipsis
421 1021 654 1079 quondam
701 1036 807 1067 cum
841 1023 1020 1079 Argivis
1055 1023 1104 1067 in
1147 1023 1335 1080 triginta
1379 1038 1521 1070 annos
1557 1025 1679 1071 facta
1720 1026 1815 1071 iam
1860 1026 1917 1071 ad
1951 1026 2094 1072 finem

272 1101 479 1157 vergeret
498 1100 548 1159 3).
627 1098 757 1156 Quod
799 1099 896 1158 ipse
932 1099 1076 1154 domi,
1130 1100 1265 1146 amIci
1313 1101 1408 1147 eius
1443 1103 1576 1160 Argis
1621 1103 1940 1159 moliebantur,
1979 1118 2095 1163 quos

275 1178 486 1221 hortatus
523 1180 634 1230 erat,
669 1180 723 1222 ut
757 1176 994 1234 Spartanis
1038 1178 1268 1223 adversari
1303 1182 1646 1236 perseverarent
1679 1195 1790 1226 neve
1825 1182 1880 1226 de
1915 1182 2094 1228 foedere

270 1254 620 1300 Atheniensium
674 1254 967 1313 desperarent
983 1255 1033 1313 4).
1127 1254 1326 1301 Maxime
1389 1259 1546 1302 autem
1603 1258 1790 1304 consilia
1842 1258 2093 1305 Alcibiadis

271 1332 539 1385 adiuvabat,
594 1332 712 1389 quod
755 1332 1100 1377 Lacedaemonii
1155 1334 1280 1391 pacis
1332 1335 1615 1381 condiciones
1668 1336 1853 1394 exsequi
1902 1340 2097 1382 cuncta-

271 1410 452 1455 bantur.
523 1408 819 1468 Quamquam
855 1410 977 1456 enim
1012 1411 1067 1456 iis
1105 1414 1223 1457 sorte
1249 1415 1470 1467 evenerat,
1511 1416 1565 1458 ut
1597 1413 1782 1459 initium
1818 1415 2091 1473 exsequendi

267 1487 469 1533 facerent
483 1489 536 1547 5),
572 1487 875 1533 Athenienses
900 1491 1058 1533 autem
1088 1488 1181 1533 iam
1216 1489 1596 1536 Lacedaemonios
1631 1491 1734 1549 Pyli
1769 1495 1923 1551 captos
1959 1493 2093 1538 resti-

267 1568 474 1619 tuerant,
511 1569 671 1611 tamen
706 1580 852 1623 neque
888 1567 1025 1611 urbes
1060 1566 1278 1612 Thracias
1313 1568 1621 1622 tradiderunt,
1664 1583 1810 1627 neque
1846 1571 2088 1616 Thebanos

267 1642 566 1697 adduxerunt,
606 1646 657 1688 ut
681 1643 938 1689 Panactum
974 1646 1221 1703 captosque
1245 1645 1546 1692 Athenienses
1582 1646 1816 1693 traderent
1831 1649 1882 1708 6).
1935 1649 2087 1706 Atque

266 1734 373 1764 cum
418 1721 573 1778 ephori
618 1721 965 1765 Lacedaemonii
1011 1721 1056 1765 in
1093 1735 1266 1766 annum
1301 1723 1396 1766 420
1433 1724 1573 1767 creati
1608 1724 1665 1768 ad
1701 1725 1872 1768 bellum
1906 1739 2088 1783 promp-

264 1797 400 1843 tiores
435 1811 542 1843 cum
576 1797 804 1843 'Thebanis
849 1797 1007 1844 foedus
1055 1798 1268 1853 facerent,
1305 1813 1393 1858 quo
1435 1799 1677 1846 Nicianam
1723 1815 1883 1860 pacem
1931 1804 2086 1861 aperte

262 1876 518 1929 violabant,
552 1875 757 1921 Thebani
793 1880 949 1921 autem
984 1876 1241 1922 Panactum
1284 1879 1377 1923 solo
1414 1881 1664 1937 aequarent
1697 1879 1833 1938 idque
1870 1879 2085 1939 Spartani

263 1955 479 2013 probasse
523 1954 805 2008 viderentur,
858 1958 961 2001 tum
1008 1955 1193 2014 quidem
1239 1959 1370 2002 tanta
1415 1957 1608 2003 Athenis
1659 1959 1865 2004 omnium
1916 1959 1984 2005 ira
2030 1960 2087 2006 de

264 2032 726 2078 Lacedaemoniorum
770 2033 958 2092 perfidia
999 2036 1151 2078 coorta
1195 2036 1284 2088 est,
1331 2037 1384 2079 ut
1417 2035 1580 2080 horum
1622 2035 1783 2095 legati,
1830 2036 1907 2095 qui
1947 2037 2083 2096 paulo

263 2113 365 2169 post
388 2111 590 2156 Athenas
627 2111 910 2156 advenerunt
944 2112 1145 2170 captivos
1182 2115 1226 2157 et
1260 2113 1416 2157 ruinas
1443 2113 1637 2158 Panaeti
1660 2114 1913 2169 offerentes,
1949 2116 2084 2160 vehe-

261 2189 550 2234 mentissime
607 2189 804 2235 incusati
857 2203 1015 2248 aspero
1065 2203 1278 2248 responso
1332 2190 1669 2238 dimitterentur
1683 2192 1735 2252 ⁷).
1821 2192 2082 2240 Alcibiades

396 2356 422 2404 1)
455 2355 511 2393 Cf.
539 2355 670 2404 Equit.
701 2369 737 2394 x.
768 2357 845 2394 465
875 2368 958 2405 sqq.
988 2356 1056 2394 ubi
1083 2356 1300 2395 botularius
1329 2356 1462 2396 Cleoni
1489 2358 1586 2396 haec
1615 2359 1751 2397 obicit:

579 2437 716 2458 ‹nxoz‘l'
746 2416 783 2457 a,
814 2426 858 2457 {V
879 2417 1008 2472 Αθγει
1035 2437 1061 2473 y
1102 2421 1165 2458 Οἷα
1192 2437 1360 2473 πθαῖτὸι
1393 2420 1603 2467 ](11ἰ9”ά1),δι
1645 2448 1647 2450 ·

576 2501 624 2522 Ts(
608 2501 781 2536 losfslo'll!
811 2489 883 2523 [λέν
905 2482 1101 2538 J—loyfflozg
1129 2486 1262 2537 φίλους
1290 2503 1385 2535 ruti!
1412 2492 1537 2525 ποιεῖ

577 2550 658 2597 ἰδίᾳ
688 2547 723 2589 ὃ
754 2556 833 2587 ἐκεῖ
861 2551 1199 2600 Λακεδαιμονίοις
1229 2552 1489 2604 ξυγγίγνεται.

260 2613 412 2661 Quibus
449 2626 498 2651 ex
535 2616 665 2653 verbis
701 2616 795 2654 satis
832 2619 993 2666 apparet
1022 2616 1205 2655 Cleonem
1243 2629 1287 2655 eo
1323 2620 1497 2666 tempore
1535 2630 1626 2656 cum
1653 2619 1811 2668 Argivis
1850 2620 1897 2657 de
1925 2620 2080 2659 foedere

257 2680 394 2729 egisse.
450 2679 539 2718 Vid.
571 2680 670 2719 Gilb.
706 2681 731 2720 1.
762 2694 794 2720 c.
824 2694 910 2732 pag.
942 2682 1017 2721 189
1046 2695 1102 2731 sq.

392 2745 421 2787 2)
452 2744 508 2783 Cf.
537 2745 658 2784 Thuc.
687 2746 724 2782 V
751 2748 814 2785 43.

393 2812 423 2857 3)
453 2809 510 2848 Cf.
539 2810 631 2848 ibid.
665 2812 723 2859 14,
752 2812 788 2850 4.
820 2812 880 2858 22,
911 2811 946 2851 ’2.

389 2874 419 2919 ⁴)
449 2873 507 2911 Cf.
536 2873 641 2911 Plut.
671 2875 795 2913 Alcib.
826 2887 859 2913 c.
886 2876 987 2913 XIV
1015 2877 1090 2918 (ed.
1121 2876 1302 2915 Sintenis.
1358 2876 1443 2925 Lip.
1475 2877 1605 2928 1839).

389 2939 419 2986 5)
449 2938 504 2977 Cf.
535 2939 656 2978 Thuc.
686 2939 721 2976 V
751 2940 812 2988 21,
844 2942 877 2979 1.
932 2941 1037 2980 Plut.
1068 2941 1154 2981 Nic,
1186 2954 1218 2981 c.
1247 2941 1300 2981 X.

386 3007 417 3051 ὁ)
448 3003 503 3042 Cf.
533 3004 654 3043 Thuc.
684 3004 721 3040 V
750 3006 812 3053 35,
842 3006 877 3044 3.
932 3005 1027 3045 Bus.
1057 3006 1082 3045 1.
1113 3019 1145 3045 e.
1175 3019 1262 3057 pag.
1294 3007 1368 3046 106
1399 3019 1481 3057 sqq.
1514 3008 1589 3047 1:25
1617 3011 1702 3058 sqq.

389 3070 416 3119 ⁷)
447 3069 503 3108 Cf.
535 3069 656 3108 Thuc.
688 3069 721 3106 V
753 3070 815 3108 39.
