2281 3492
1171 97 1232 140 20

296 250 541 307 quotannis
577 250 838 296 faciendum
873 252 1075 310 primum
1108 254 1382 298 renovatum
1416 253 1486 298 est
1502 253 1551 311 1),
1589 251 1709 311 quod
1741 251 1900 298 foedus
1929 249 2006 297 24.
2041 249 2120 296 die

295 328 467 374 mensis
501 328 868 387 Elaphebolionis
903 330 1072 375 initum
1098 332 1197 376 erat
1213 331 1265 390 2).
1302 329 1420 375 Cum
1456 332 1612 376 autem
1637 330 1795 375 statim
1818 332 1920 389 post
1954 328 2116 375 Niciae

294 406 494 452 reditum
529 407 832 454 Athenienses
875 407 1031 454 foedus
1066 407 1292 462 facerent,
1327 407 1375 453 id
1409 421 1566 454 mense
1603 407 1892 453 Munichione
1933 406 2116 453 factum

293 497 392 530 esse
428 485 583 544 liquet.

422 564 496 610 Ita
531 579 650 611 anno
687 566 780 611 420
817 579 888 611 res
925 579 972 611 se
1007 565 1253 620 habebant,
1291 579 1404 624 quas
1439 564 1626 610 uberius
1662 563 1875 623 explicari
1897 564 2113 624 oportuit,

292 641 412 700 quod
451 641 690 702 Euripides
726 657 811 689 non
850 644 999 690 solum
1033 643 1190 690 foedus
1224 643 1273 688 in
1307 643 1585 696 universum,
1622 642 1698 688 sed
1735 642 1875 688 etiam
1900 642 2109 700 singulas

290 720 393 764 illas
440 734 512 765 res
559 723 868 780 compluribus
911 722 1091 767 fabulae
1124 722 1233 767 locis
1279 721 1484 780 respexit.
1566 720 1667 765 Iam
1712 734 1815 766 vero
1850 734 1937 778 quo
1972 720 2111 766 modo

291 796 376 843 hoc
410 797 586 844 factum
622 800 682 845 sit
716 800 974 846 accuratius
1010 798 1366 845 examinandum
1401 801 1482 844 est.

425 880 542 926 Cum
589 886 721 941 poeta
765 883 1034 942 Supplicum
1083 884 1239 928 fabula
1284 883 1440 928 foedus
1486 896 1593 927 cum
1637 882 1817 939 Argivis
1852 882 2108 926 ineundum

290 960 601 1014 commendet,
650 961 848 1007 dubitari
895 975 985 1006 non
1031 964 1201 1021 potest,
1248 961 1359 1020 quin
1401 963 1507 1006 ante
1542 960 1712 1006 initum
1755 958 1912 1006 foedus
1947 958 2108 1005 fabula

290 1037 350 1083 sit
385 1040 487 1083 acta
502 1039 552 1097 3).
624 1038 753 1096 Quod
789 1053 1071 1098 quamquam
1106 1054 1185 1099 per
1220 1053 1267 1086 se
1301 1042 1442 1099 patet,
1478 1042 1634 1085 tamen
1662 1039 1803 1085 etiam
1825 1038 1946 1084 locos
1971 1052 2110 1097 quos-

289 1116 397 1161 dam
432 1116 615 1163 fabulae
650 1117 773 1163 idem
809 1117 1115 1176 significantes
1150 1117 1286 1164 liceat
1320 1117 1505 1164 adferre.
1574 1116 1811 1163 Euismodi
1845 1119 1954 1163 sunt
1988 1130 2109 1176 quae

285 1193 487 1239 Theseus
524 1197 680 1240 contra
714 1195 964 1241 Adrastum
999 1196 1167 1254 profert
1201 1210 1241 1240 v.
1279 1196 1373 1240 246
1411 1210 1506 1253 sqq.

600 1275 793 1330 κᾶπειτ’
831 1278 924 1346 ἐγώ
959 1299 1039 1331 σοι
1074 1279 1320 1344 σύμμαχος
1354 1278 1634 1348 γενήσομαι,-

599 1360 648 1407 τί
682 1356 806 1423 πρὸς
840 1359 1048 1418 πολίτας
1081 1357 1191 1418 τοὺς
1226 1357 1368 1422 ἐμοὺς
1401 1361 1551 1424 λέγων
1584 1357 1753 1419 zazou,-

596 1437 772 1501 χαίρων
804 1431 906 1487 ἴθ’·
943 1437 985 1487 εἰ
1021 1434 1108 1503 γὰρ
1141 1435 1207 1504 μὴ
1241 1434 1549 1501 βεβούλευσαι
1584 1439 1756 1498 καλῶς,

597 1509 738 1573 αὐτὸς
772 1517 958 1575 πιέζειν
991 1513 1074 1579 τὴν
1107 1512 1257 1581 τύχην,
1295 1512 1419 1581 ἡμᾶς
1453 1511 1495 1564 ὁ)
1534 1517 1641 1564 ε’ἇν·

280 1613 324 1656 et
358 1611 482 1655 chori
517 1612 653 1656 verba
687 1625 726 1656 v.
765 1612 875 1656 375.

594 1698 643 1746 τί
675 1718 761 1761 μοι
797 1694 944 1757 πόλις
974 1702 1133 1761 κρανεῖ
1168 1691 1309 1757 ποτ’;
1366 1689 1457 1762 ἆρα
1493 1694 1634 1764 φίλιά
1668 1717 1753 1761 μοι
1788 1704 1947 1761 τεμεῖ,·

277 1793 571 1852 eiusdemque
606 1808 646 1839 v.
686 1794 811 1839 1232
850 1808 915 1852 80.

591 1880 861 1943 στείχωμεν,
888 1874 1141 1946 Ἄδρασθ),
1181 1875 1321 1946 ὅρκια
1356 1882 1511 1943 ὁῶμεν

588 1954 701 2024 τῷὄ)
739 1954 874 2023 ἇνόρί
910 1955 1054 2007 πόλει
1089 1952 1148 2007 τ)·

273 2055 480 2114 Denique
532 2069 624 2100 non
677 2057 747 2100 est
790 2054 1098 2100 omittendum
1150 2069 1205 2100 ne
1252 2054 1297 2099 in
1344 2068 1508 2100 scaena
1562 2054 1745 2113 quidem
1798 2054 1955 2102 foedus
2001 2055 2095 2101 iam

272 2133 451 2187 confici,
499 2134 577 2179 sed
624 2136 677 2178 ut
712 2133 976 2179 conficiatur
1021 2147 1047 2178 a
1082 2133 1287 2178 Minerva
1329 2132 1499 2178 Theseo
1545 2133 1782 2192 imperari,
1827 2147 1919 2192 qua
1953 2134 2001 2179 in
2046 2148 2098 2179 re

271 2212 438 2257 erravit
483 2212 704 2270 Bergkius
721 2213 771 2270 4).
855 2210 984 2268 Quod
1032 2213 1189 2256 autem
1232 2210 1421 2257 foederis
1469 2211 1703 2257 Alcibiade
1756 2214 1941 2258 auctore
1983 2211 2094 2258 facti

270 2290 550 2335 condiciones
587 2304 695 2335 cum
729 2290 811 2343 iis,
849 2303 964 2348 quas
1001 2289 1085 2335 dea
1119 2289 1166 2334 in
1201 2289 1457 2347 tragoediae
1492 2289 1582 2335 fine
1616 2290 1848 2349 proponit,
1885 2290 2096 2349 aliquan-

269 2371 370 2413 tum
414 2371 670 2426 congruunt
685 2369 743 2428 5),
796 2368 900 2413 inde
947 2381 1038 2413 non
1074 2368 1304 2425 colligitur
1337 2367 1543 2412 fabulam
1591 2371 1694 2427 post
1744 2368 1888 2414 ictum
1932 2368 2093 2415 foedus

400 2562 428 2610 ¹)
458 2561 514 2600 Cf.
545 2573 645 2611 quae
674 2573 794 2611 supra
822 2561 996 2599 diximus
1024 2572 1110 2610 pag.
1143 2560 1204 2599 18.

398 2628 427 2672 ⁴2)
457 2627 513 2665 Cf.
543 2627 663 2666 Thuc.
692 2627 729 2664 V
757 2628 821 2675 46,
849 2628 885 2665 4.
918 2627 977 2675 19,
1001 2628 1036 2665 1.
1091 2626 1187 2665 Bus.
1216 2625 1241 2664 l.
1273 2638 1305 2664 0.
1336 2638 1421 2675 pag.
1440 2625 1529 2663 ,142
1560 2625 1647 2664 adn.
1677 2625 1740 2664 47.

396 2694 425 2737 3)
456 2691 511 2731 Cf.
540 2692 709 2732 Boeekh.
748 2692 773 2732 1.
813 2704 846 2732 c.
877 2704 962 2743 pag.
995 2690 1081 2731 188.
1139 2690 1183 2730 G.
1212 2690 1426 2730 Hermann.
1471 2690 1642 2740 Supplic.
1672 2691 1790 2740 praef.
1820 2703 1908 2742 pag.
1936 2690 1998 2730 ΠΙ
2026 2703 2088 2741 sq.

262 2758 384 2796 Zastr.
423 2758 448 2796 1.
485 2771 517 2796 0.
553 2771 639 2807 pag.
669 2759 693 2796 8
723 2771 806 2807 sqq.
863 2758 1003 2807 Bergk.
1046 2757 1071 2796 1.
1110 2769 1143 2796 0.
1174 2769 1259 2807 pag.
1291 2757 1368 2796 534
1396 2769 1478 2806 sqq.
1535 2757 1664 2796 Zirnd.
1693 2756 1718 2796 l.
1749 2769 1781 2796 0.
1810 2769 1896 2807 pag.
1928 2757 1990 2797 52.
2021 2759 2087 2797 55.

259 2822 421 2861 XVilam.
451 2822 627 2861 Analect.
656 2823 748 2861 Eur.
778 2835 864 2873 pag.
896 2823 983 2861 153.

393 2889 423 2935 ⁴)
453 2887 558 2924 Dicit
586 2889 688 2924 enim
717 2888 742 2926 1.
774 2901 806 2926 0.
835 2901 922 2937 pag.
954 2888 1031 2926 534
1059 2888 1147 2926 adn.
1180 2887 1277 2926 209:
1310 2887 1540 2936 „Euripides
1569 2887 1683 2937 greift
1718 2887 1786 2925 der
1803 2886 2087 2925 Wirklichkeit

256 2964 341 3001 vor,
372 2964 487 2989 wenn
517 2963 559 2989 er
586 2952 661 2989 den
689 2952 909 2990 Absohluss
938 2953 1008 2990 des
1035 2951 1280 2990 Biindnisses
1309 2952 1522 2990 erwahntf‘

388 3019 418 3065 5)
450 3017 506 3056 Cf.
538 3016 673 3066 Suppl.
703 3030 740 3055 v,
774 3019 872 3056 1191
896 3029 980 3067 sqq.
1036 3017 1156 3056 Thuo.
1180 3017 1214 3054 V
1234 3017 1297 3056 47.
1354 3017 1525 3056 Boeekh.
1546 3017 1571 3056 1.
1594 3029 1626 3056 0.
1649 3029 1736 3067 pag.
1760 3017 1847 3056 189.
1886 3017 2082 3068 Hartung.

252 3084 281 3122 1.
314 3096 347 3123 0.
368 3083 409 3122 II
436 3095 524 3132 pag.
554 3081 618 3121 81.
674 3082 814 3131 Bergk.
843 3083 870 3123 1.
901 3094 933 3121 0.
962 3094 1049 3132 pag.
1079 3082 1157 3120 534
1185 3082 1272 3121 adn.
1304 3082 1392 3122 209.
