<?xml version="1.0" encoding="UTF-8"?>
<!DOCTYPE html PUBLIC "-//W3C//DTD XHTML 1.0 Transitional//EN"
    "http://www.w3.org/TR/xhtml1/DTD/xhtml1-transitional.dtd">
<html xmlns="http://www.w3.org/1999/xhtml" xml:lang="en" lang="en">
 <head>
  <title>
</title>
<meta http-equiv="Content-Type" content="text/html;charset=utf-8" />
  <meta name='ocr-system' content='tesseract 3.04.00' />
  <meta name='ocr-capabilities' content='ocr_page ocr_carea ocr_par ocr_line ocrx_word'/>
</head>
<body>
  <div class='ocr_page' id='page_1' title='image "4626156_0019.png"; bbox 0 0 2281 3492; ppageno 0'>
   <div class='ocr_carea' id='block_1_1' title="bbox 1181 78 1239 122">
    <p class='ocr_par' dir='ltr' id='par_1_1' title="bbox 1181 78 1239 122">
     <span class='ocr_line' id='line_1_1' title="bbox 1181 78 1239 122; baseline 0 0"><span class='ocrx_word' id='word_1_1' title='bbox 1181 78 1239 122; x_wconf 82' lang='grc'>12</span> 
     </span>
    </p>
   </div>
   <div class='ocr_carea' id='block_1_2' title="bbox 1150 144 1371 148">
    <p class='ocr_par' dir='ltr' id='par_1_2' title="bbox 1150 144 1371 148">
     <span class='ocr_line' id='line_1_2' title="bbox 1150 144 1371 148; baseline 0 0"><span class='ocrx_word' id='word_1_2' title='bbox 1150 144 1371 148; x_wconf 95' lang='lat' dir='ltr'> </span> 
     </span>
    </p>
   </div>
   <div class='ocr_carea' id='block_1_3' title="bbox 303 231 2122 685">
    <p class='ocr_par' dir='ltr' id='par_1_3' title="bbox 303 231 2122 685">
     <span class='ocr_line' id='line_1_3' title="bbox 305 231 2120 292; baseline 0.001 -17"><span class='ocrx_word' id='word_1_3' title='bbox 305 232 704 278; x_wconf 86' lang='lat' dir='ltr'>vehementissime</span> <span class='ocrx_word' id='word_1_4' title='bbox 740 246 789 278; x_wconf 91' lang='lat' dir='ltr'>eo</span> <span class='ocrx_word' id='word_1_5' title='bbox 814 233 1058 287; x_wconf 89' lang='lat' dir='ltr'>irritarent,</span> <span class='ocrx_word' id='word_1_6' title='bbox 1096 233 1214 292; x_wconf 90' lang='lat' dir='ltr'>quod</span> <span class='ocrx_word' id='word_1_7' title='bbox 1250 246 1433 292; x_wconf 91' lang='lat' dir='ltr'>corpora</span> <span class='ocrx_word' id='word_1_8' title='bbox 1467 234 1513 278; x_wconf 92' lang='lat' dir='ltr'>in</span> <span class='ocrx_word' id='word_1_9' title='bbox 1537 234 1702 292; x_wconf 90' lang='lat' dir='ltr'>proelio</span> <span class='ocrx_word' id='word_1_10' title='bbox 1733 233 1984 278; x_wconf 91' lang='lat' dir='ltr'>occisorum</span> <span class='ocrx_word' id='word_1_11' title='bbox 2009 231 2120 276; x_wconf 88' lang='lat' dir='ltr'>dum</span> 
     </span>
     <span class='ocr_line' id='line_1_4' title="bbox 304 310 2119 361; baseline -0.001 -5"><span class='ocrx_word' id='word_1_12' title='bbox 304 311 606 358; x_wconf 79' lang='lat' dir='ltr'>Athenienses</span> <span class='ocrx_word' id='word_1_13' title='bbox 657 311 704 356; x_wconf 91' lang='lat' dir='ltr'>in</span> <span class='ocrx_word' id='word_1_14' title='bbox 756 311 917 357; x_wconf 77' lang='lat' dir='ltr'>Boetia</span> <span class='ocrx_word' id='word_1_15' title='bbox 967 313 1258 357; x_wconf 78' lang='lat' dir='ltr'><strong>morarentur</strong></span> <span class='ocrx_word' id='word_1_16' title='bbox 1309 311 1495 358; x_wconf 80' lang='lat' dir='ltr'>reddere</span> <span class='ocrx_word' id='word_1_17' title='bbox 1546 311 1846 361; x_wconf 77' lang='lat' dir='ltr'>recusabant,</span> <span class='ocrx_word' id='word_1_18' title='bbox 1901 310 2119 357; x_wconf 77' lang='lat' dir='ltr'>violantes</span> 
     </span>
     <span class='ocr_line' id='line_1_5' title="bbox 303 389 2122 448; baseline 0 -15"><span class='ocrx_word' id='word_1_19' title='bbox 303 390 452 448; x_wconf 90' lang='lat' dir='ltr'>legem</span> <span class='ocrx_word' id='word_1_20' title='bbox 497 390 625 435; x_wconf 91' lang='lat' dir='ltr'>illam</span> <span class='ocrx_word' id='word_1_21' title='bbox 673 390 1016 435; x_wconf 83' lang='lat' dir='ltr'>sanctissimam</span> <span class='ocrx_word' id='word_1_22' title='bbox 1067 391 1112 435; x_wconf 89' lang='lat' dir='ltr'>et</span> <span class='ocrx_word' id='word_1_23' title='bbox 1164 390 1221 434; x_wconf 88' lang='lat' dir='ltr'>ab</span> <span class='ocrx_word' id='word_1_24' title='bbox 1266 390 1478 435; x_wconf 90' lang='lat' dir='ltr'>omnibus</span> <span class='ocrx_word' id='word_1_25' title='bbox 1521 389 1707 435; x_wconf 84' lang='lat' dir='ltr'>Graecis</span> <span class='ocrx_word' id='word_1_26' title='bbox 1752 390 1879 435; x_wconf 91' lang='lat' dir='ltr'>omni</span> <span class='ocrx_word' id='word_1_27' title='bbox 1921 391 2122 448; x_wconf 89' lang='lat' dir='ltr'>tempore</span> 
     </span>
     <span class='ocr_line' id='line_1_6' title="bbox 305 467 2119 528; baseline -0.001 -14"><span class='ocrx_word' id='word_1_28' title='bbox 305 482 491 514; x_wconf 91' lang='lat' dir='ltr'>summa</span> <span class='ocrx_word' id='word_1_29' title='bbox 541 469 758 527; x_wconf 85' lang='lat' dir='ltr'>religione</span> <span class='ocrx_word' id='word_1_30' title='bbox 810 471 1052 514; x_wconf 88' lang='lat' dir='ltr'>servatam.</span> <span class='ocrx_word' id='word_1_31' title='bbox 1133 467 1469 528; x_wconf 81' lang='lat' dir='ltr'>Septemdecim</span> <span class='ocrx_word' id='word_1_32' title='bbox 1515 468 1703 514; x_wconf 90' lang='lat' dir='ltr'>demum</span> <span class='ocrx_word' id='word_1_33' title='bbox 1745 468 1922 515; x_wconf 90' lang='lat' dir='ltr'>dierum</span> <span class='ocrx_word' id='word_1_34' title='bbox 1975 467 2119 528; x_wconf 91' lang='lat' dir='ltr'>spatio</span> 
     </span>
     <span class='ocr_line' id='line_1_7' title="bbox 303 546 2122 607; baseline 0 -16"><span class='ocrx_word' id='word_1_35' title='bbox 303 548 581 601; x_wconf 90' lang='lat' dir='ltr'>intermisso,</span> <span class='ocrx_word' id='word_1_36' title='bbox 616 550 859 606; x_wconf 87' lang='lat' dir='ltr'>postquam</span> <span class='ocrx_word' id='word_1_37' title='bbox 884 547 1072 592; x_wconf 88' lang='lat' dir='ltr'>Delium</span> <span class='ocrx_word' id='word_1_38' title='bbox 1110 549 1493 606; x_wconf 87' lang='lat' dir='ltr'>recuperaverunt</span> <span class='ocrx_word' id='word_1_39' title='bbox 1527 550 1573 592; x_wconf 91' lang='lat' dir='ltr'>et</span> <span class='ocrx_word' id='word_1_40' title='bbox 1617 547 1820 592; x_wconf 90' lang='lat' dir='ltr'>multum</span> <span class='ocrx_word' id='word_1_41' title='bbox 1861 561 1941 607; x_wconf 88' lang='lat' dir='ltr'>per</span> <span class='ocrx_word' id='word_1_42' title='bbox 1984 546 2122 592; x_wconf 88' lang='lat' dir='ltr'>cadu—</span> 
     </span>
     <span class='ocr_line' id='line_1_8' title="bbox 304 626 1463 685; baseline 0 -14"><span class='ocrx_word' id='word_1_43' title='bbox 304 628 508 672; x_wconf 90' lang='lat' dir='ltr'>ceatores</span> <span class='ocrx_word' id='word_1_44' title='bbox 545 628 700 671; x_wconf 89' lang='lat' dir='ltr'>actum</span> <span class='ocrx_word' id='word_1_45' title='bbox 737 628 820 678; x_wconf 89' lang='lat' dir='ltr'>est,</span> <span class='ocrx_word' id='word_1_46' title='bbox 855 640 1032 671; x_wconf 90' lang='lat' dir='ltr'>morem</span> <span class='ocrx_word' id='word_1_47' title='bbox 1067 626 1122 671; x_wconf 92' lang='lat' dir='ltr'>iis</span> <span class='ocrx_word' id='word_1_48' title='bbox 1158 629 1398 684; x_wconf 84' lang='lat' dir='ltr'>gesserunt</span> <span class='ocrx_word' id='word_1_49' title='bbox 1413 627 1463 685; x_wconf 86' lang='lat'>1).</span> 
     </span>
    </p>
   </div>
   <div class='ocr_carea' id='block_1_4' title="bbox 299 715 2149 1870">
    <p class='ocr_par' dir='ltr' id='par_1_4' title="bbox 299 715 2149 1870">
     <span class='ocr_line' id='line_1_9' title="bbox 440 715 2120 776; baseline -0.001 -14"><span class='ocrx_word' id='word_1_50' title='bbox 440 716 590 774; x_wconf 86' lang='lat' dir='ltr'>Quam</span> <span class='ocrx_word' id='word_1_51' title='bbox 624 731 723 762; x_wconf 91' lang='lat' dir='ltr'>rem</span> <span class='ocrx_word' id='word_1_52' title='bbox 761 730 787 762; x_wconf 93' lang='lat' dir='ltr'>a</span> <span class='ocrx_word' id='word_1_53' title='bbox 826 717 1118 776; x_wconf 86' lang='lat' dir='ltr'>scriptoribus</span> <span class='ocrx_word' id='word_1_54' title='bbox 1153 716 1372 762; x_wconf 88' lang='lat' dir='ltr'>traditam</span> <span class='ocrx_word' id='word_1_55' title='bbox 1402 717 1439 762; x_wconf 89' lang='lat' dir='ltr'>si</span> <span class='ocrx_word' id='word_1_56' title='bbox 1463 716 1914 770; x_wconf 84' lang='lat' dir='ltr'>consideraverimus,</span> <span class='ocrx_word' id='word_1_57' title='bbox 1950 715 2120 761; x_wconf 88' lang='lat' dir='ltr'>mirum</span> 
     </span>
     <span class='ocr_line' id='line_1_10' title="bbox 306 794 2149 854; baseline -0.001 -14"><span class='ocrx_word' id='word_1_58' title='bbox 306 797 355 840; x_wconf 92' lang='lat' dir='ltr'>in</span> <span class='ocrx_word' id='word_1_59' title='bbox 390 796 580 840; x_wconf 90' lang='lat' dir='ltr'>modum</span> <span class='ocrx_word' id='word_1_60' title='bbox 616 809 723 840; x_wconf 91' lang='lat' dir='ltr'>cum</span> <span class='ocrx_word' id='word_1_61' title='bbox 749 794 1017 854; x_wconf 84' lang='lat' dir='ltr'>Supplicum</span> <span class='ocrx_word' id='word_1_62' title='bbox 1054 798 1323 853; x_wconf 86' lang='lat' dir='ltr'>argumento</span> <span class='ocrx_word' id='word_1_63' title='bbox 1358 795 1613 841; x_wconf 91' lang='lat' dir='ltr'>consentire</span> <span class='ocrx_word' id='word_1_64' title='bbox 1647 795 1917 840; x_wconf 87' lang='lat' dir='ltr'>videbimus.</span> <span class='ocrx_word' id='word_1_65' title='bbox 1987 794 2149 840; x_wconf 90' lang='lat' dir='ltr'>Utro--</span> 
     </span>
     <span class='ocr_line' id='line_1_11' title="bbox 307 873 2122 932; baseline -0.001 -13"><span class='ocrx_word' id='word_1_66' title='bbox 307 874 443 932; x_wconf 88' lang='lat' dir='ltr'>bique</span> <span class='ocrx_word' id='word_1_67' title='bbox 477 874 617 920; x_wconf 88' lang='lat' dir='ltr'>iidem</span> <span class='ocrx_word' id='word_1_68' title='bbox 641 873 844 919; x_wconf 89' lang='lat' dir='ltr'>Thebani</span> <span class='ocrx_word' id='word_1_69' title='bbox 877 874 1082 926; x_wconf 87' lang='lat' dir='ltr'>victores,</span> <span class='ocrx_word' id='word_1_70' title='bbox 1118 887 1383 920; x_wconf 92' lang='lat' dir='ltr'>communes</span> <span class='ocrx_word' id='word_1_71' title='bbox 1416 873 1696 920; x_wconf 85' lang='lat' dir='ltr'>Graecorum</span> <span class='ocrx_word' id='word_1_72' title='bbox 1730 873 1854 931; x_wconf 86' lang='lat' dir='ltr'>leges</span> <span class='ocrx_word' id='word_1_73' title='bbox 1882 873 2122 919; x_wconf 89' lang='lat' dir='ltr'>irridentes</span> 
     </span>
     <span class='ocr_line' id='line_1_12' title="bbox 305 951 2123 1010; baseline 0 -15"><span class='ocrx_word' id='word_1_74' title='bbox 305 952 544 1009; x_wconf 90' lang='lat' dir='ltr'>iustasque</span> <span class='ocrx_word' id='word_1_75' title='bbox 591 952 749 997; x_wconf 89' lang='lat' dir='ltr'>occisis</span> <span class='ocrx_word' id='word_1_76' title='bbox 795 952 1032 1009; x_wconf 83' lang='lat' dir='ltr'>exsequias</span> <span class='ocrx_word' id='word_1_77' title='bbox 1080 952 1177 997; x_wconf 92' lang='lat' dir='ltr'>fieri</span> <span class='ocrx_word' id='word_1_78' title='bbox 1222 952 1531 1010; x_wconf 87' lang='lat' dir='ltr'>prohibentes,</span> <span class='ocrx_word' id='word_1_79' title='bbox 1582 952 1823 1010; x_wconf 89' lang='lat' dir='ltr'>utrobique</span> <span class='ocrx_word' id='word_1_80' title='bbox 1868 951 2123 997; x_wconf 88' lang='lat' dir='ltr'>exacerbati</span> 
     </span>
     <span class='ocr_line' id='line_1_13' title="bbox 304 1029 2122 1088; baseline 0 -14"><span class='ocrx_word' id='word_1_81' title='bbox 304 1029 657 1076; x_wconf 89' lang='lat' dir='ltr'>Atheniensium</span> <span class='ocrx_word' id='word_1_82' title='bbox 703 1029 857 1082; x_wconf 90' lang='lat' dir='ltr'>animi,</span> <span class='ocrx_word' id='word_1_83' title='bbox 892 1029 1131 1088; x_wconf 87' lang='lat' dir='ltr'>utrobique</span> <span class='ocrx_word' id='word_1_84' title='bbox 1177 1029 1531 1075; x_wconf 88' lang='lat' dir='ltr'>caduceatorum</span> <span class='ocrx_word' id='word_1_85' title='bbox 1575 1031 1675 1075; x_wconf 91' lang='lat' dir='ltr'>tam</span> <span class='ocrx_word' id='word_1_86' title='bbox 1718 1029 1933 1075; x_wconf 90' lang='lat' dir='ltr'>verbosae</span> <span class='ocrx_word' id='word_1_87' title='bbox 1982 1042 2122 1088; x_wconf 90' lang='lat' dir='ltr'>quam</span> 
     </span>
     <span class='ocr_line' id='line_1_14' title="bbox 304 1107 2123 1167; baseline -0.001 -15"><span class='ocrx_word' id='word_1_88' title='bbox 304 1108 460 1154; x_wconf 91' lang='lat' dir='ltr'>irritae</span> <span class='ocrx_word' id='word_1_89' title='bbox 495 1108 695 1153; x_wconf 89' lang='lat' dir='ltr'>actiones</span> <span class='ocrx_word' id='word_1_90' title='bbox 711 1107 762 1167; x_wconf 81' lang='lat'>2).</span> <span class='ocrx_word' id='word_1_91' title='bbox 842 1107 909 1152; x_wconf 86' lang='lat' dir='ltr'>Ex</span> <span class='ocrx_word' id='word_1_92' title='bbox 944 1107 1027 1153; x_wconf 91' lang='lat' dir='ltr'>hoc</span> <span class='ocrx_word' id='word_1_93' title='bbox 1061 1107 1231 1165; x_wconf 82' lang='lat' dir='ltr'>insigni</span> <span class='ocrx_word' id='word_1_94' title='bbox 1267 1121 1489 1153; x_wconf 91' lang='lat' dir='ltr'>consensu</span> <span class='ocrx_word' id='word_1_95' title='bbox 1525 1109 1682 1153; x_wconf 90' lang='lat' dir='ltr'>autem</span> <span class='ocrx_word' id='word_1_96' title='bbox 1717 1107 1831 1153; x_wconf 89' lang='lat' dir='ltr'>duas</span> <span class='ocrx_word' id='word_1_97' title='bbox 1866 1121 1938 1153; x_wconf 91' lang='lat' dir='ltr'>res</span> <span class='ocrx_word' id='word_1_98' title='bbox 1973 1107 2123 1165; x_wconf 84' lang='lat' dir='ltr'>colligi</span> 
     </span>
     <span class='ocr_line' id='line_1_15' title="bbox 302 1185 2122 1244; baseline -0.001 -13"><span class='ocrx_word' id='word_1_99' title='bbox 302 1186 430 1232; x_wconf 91' lang='lat' dir='ltr'>licet:</span> <span class='ocrx_word' id='word_1_100' title='bbox 484 1185 748 1244; x_wconf 85' lang='lat' dir='ltr'>Euripidem</span> <span class='ocrx_word' id='word_1_101' title='bbox 795 1186 842 1230; x_wconf 92' lang='lat' dir='ltr'>in</span> <span class='ocrx_word' id='word_1_102' title='bbox 886 1188 1155 1243; x_wconf 81' lang='lat' dir='ltr'>argumento</span> <span class='ocrx_word' id='word_1_103' title='bbox 1202 1185 1383 1232; x_wconf 88' lang='lat' dir='ltr'>fabulae</span> <span class='ocrx_word' id='word_1_104' title='bbox 1428 1185 1665 1231; x_wconf 86' lang='lat' dir='ltr'>tractando</span> <span class='ocrx_word' id='word_1_105' title='bbox 1716 1199 1788 1231; x_wconf 89' lang='lat' dir='ltr'>res</span> <span class='ocrx_word' id='word_1_106' title='bbox 1834 1185 1892 1231; x_wconf 90' lang='lat' dir='ltr'>ad</span> <span class='ocrx_word' id='word_1_107' title='bbox 1937 1185 2122 1231; x_wconf 88' lang='lat' dir='ltr'>Delium</span> 
     </span>
     <span class='ocr_line' id='line_1_16' title="bbox 302 1263 2122 1324; baseline -0.001 -15"><span class='ocrx_word' id='word_1_108' title='bbox 302 1264 450 1310; x_wconf 89' lang='lat' dir='ltr'>factas</span> <span class='ocrx_word' id='word_1_109' title='bbox 485 1264 735 1323; x_wconf 86' lang='lat' dir='ltr'>respexisse</span> <span class='ocrx_word' id='word_1_110' title='bbox 759 1264 895 1322; x_wconf 90' lang='lat' dir='ltr'>idque</span> <span class='ocrx_word' id='word_1_111' title='bbox 922 1264 1047 1309; x_wconf 88' lang='lat' dir='ltr'>haud</span> <span class='ocrx_word' id='word_1_112' title='bbox 1071 1265 1136 1309; x_wconf 90' lang='lat' dir='ltr'>ita</span> <span class='ocrx_word' id='word_1_113' title='bbox 1159 1264 1305 1310; x_wconf 90' lang='lat' dir='ltr'>multo</span> <span class='ocrx_word' id='word_1_114' title='bbox 1332 1266 1447 1323; x_wconf 91' lang='lat' dir='ltr'>post,</span> <span class='ocrx_word' id='word_1_115' title='bbox 1480 1264 1749 1324; x_wconf 88' lang='lat' dir='ltr'>priusquam</span> <span class='ocrx_word' id='word_1_116' title='bbox 1774 1263 2122 1310; x_wconf 89' lang='lat' dir='ltr'>Atheniensium</span> 
     </span>
     <span class='ocr_line' id='line_1_17' title="bbox 303 1341 2126 1400; baseline 0 -14"><span class='ocrx_word' id='word_1_117' title='bbox 303 1342 372 1387; x_wconf 91' lang='lat' dir='ltr'>ira</span> <span class='ocrx_word' id='word_1_118' title='bbox 407 1341 711 1387; x_wconf 85' lang='lat' dir='ltr'>defervescere</span> <span class='ocrx_word' id='word_1_119' title='bbox 747 1341 987 1400; x_wconf 78' lang='lat' dir='ltr'>coepisset3</span> <span class='ocrx_word' id='word_1_120' title='bbox 1023 1341 1184 1387; x_wconf 88' lang='lat' dir='ltr'>deinde</span> <span class='ocrx_word' id='word_1_121' title='bbox 1219 1355 1272 1386; x_wconf 92' lang='lat' dir='ltr'>ea</span> <span class='ocrx_word' id='word_1_122' title='bbox 1307 1341 1361 1387; x_wconf 91' lang='lat' dir='ltr'>de</span> <span class='ocrx_word' id='word_1_123' title='bbox 1393 1356 1533 1387; x_wconf 91' lang='lat' dir='ltr'>causa</span> <span class='ocrx_word' id='word_1_124' title='bbox 1558 1342 1675 1387; x_wconf 91' lang='lat' dir='ltr'>hanc</span> <span class='ocrx_word' id='word_1_125' title='bbox 1699 1342 1942 1387; x_wconf 87' lang='lat' dir='ltr'>materiam</span> <span class='ocrx_word' id='word_1_126' title='bbox 1969 1355 2126 1400; x_wconf 91' lang='lat' dir='ltr'>sump-</span> 
     </span>
     <span class='ocr_line' id='line_1_18' title="bbox 303 1419 2122 1479; baseline -0.001 -14"><span class='ocrx_word' id='word_1_127' title='bbox 303 1421 416 1465; x_wconf 91' lang='lat' dir='ltr'>sisse</span> <span class='ocrx_word' id='word_1_128' title='bbox 453 1424 499 1465; x_wconf 93' lang='lat' dir='ltr'>et</span> <span class='ocrx_word' id='word_1_129' title='bbox 532 1421 578 1464; x_wconf 93' lang='lat' dir='ltr'>in</span> <span class='ocrx_word' id='word_1_130' title='bbox 604 1420 839 1478; x_wconf 90' lang='lat' dir='ltr'>impietate</span> <span class='ocrx_word' id='word_1_131' title='bbox 863 1420 1200 1474; x_wconf 88' lang='lat' dir='ltr'>Thebanorum,</span> <span class='ocrx_word' id='word_1_132' title='bbox 1236 1421 1586 1465; x_wconf 89' lang='lat' dir='ltr'>Atheniensium</span> <span class='ocrx_word' id='word_1_133' title='bbox 1610 1421 1777 1479; x_wconf 87' lang='lat' dir='ltr'>pietate</span> <span class='ocrx_word' id='word_1_134' title='bbox 1802 1419 2122 1479; x_wconf 87' lang='lat' dir='ltr'>amplificanda</span> 
     </span>
     <span class='ocr_line' id='line_1_19' title="bbox 303 1496 2121 1556; baseline 0 -14"><span class='ocrx_word' id='word_1_135' title='bbox 303 1499 403 1542; x_wconf 90' lang='lat' dir='ltr'>tam</span> <span class='ocrx_word' id='word_1_136' title='bbox 450 1497 681 1556; x_wconf 90' lang='lat' dir='ltr'>copiosum</span> <span class='ocrx_word' id='word_1_137' title='bbox 730 1496 894 1545; x_wconf 89' lang='lat' dir='ltr'>fuisse.</span> <span class='ocrx_word' id='word_1_138' title='bbox 943 1499 997 1542; x_wconf 92' lang='lat' dir='ltr'>ut</span> <span class='ocrx_word' id='word_1_139' title='bbox 1042 1497 1207 1542; x_wconf 90' lang='lat' dir='ltr'>horum</span> <span class='ocrx_word' id='word_1_140' title='bbox 1251 1497 1297 1542; x_wconf 94' lang='lat' dir='ltr'>in</span> <span class='ocrx_word' id='word_1_141' title='bbox 1340 1497 1440 1543; x_wconf 90' lang='lat' dir='ltr'>illos</span> <span class='ocrx_word' id='word_1_142' title='bbox 1486 1497 1642 1542; x_wconf 86' lang='lat' dir='ltr'>odium</span> <span class='ocrx_word' id='word_1_143' title='bbox 1687 1497 1937 1543; x_wconf 89' lang='lat' dir='ltr'>effunderet</span> <span class='ocrx_word' id='word_1_144' title='bbox 1984 1499 2121 1555; x_wconf 90' lang='lat' dir='ltr'>atque</span> 
     </span>
     <span class='ocr_line' id='line_1_20' title="bbox 301 1575 2121 1633; baseline -0.001 -12"><span class='ocrx_word' id='word_1_145' title='bbox 301 1575 485 1621; x_wconf 88' lang='lat' dir='ltr'>eosdem</span> <span class='ocrx_word' id='word_1_146' title='bbox 519 1575 772 1628; x_wconf 82' lang='lat' dir='ltr'>Thebanos,</span> <span class='ocrx_word' id='word_1_147' title='bbox 810 1575 887 1633; x_wconf 90' lang='lat' dir='ltr'>qui</span> <span class='ocrx_word' id='word_1_148' title='bbox 922 1577 1036 1621; x_wconf 90' lang='lat' dir='ltr'>tunc</span> <span class='ocrx_word' id='word_1_149' title='bbox 1070 1575 1260 1621; x_wconf 90' lang='lat' dir='ltr'>victoria</span> <span class='ocrx_word' id='word_1_150' title='bbox 1295 1576 1400 1621; x_wconf 91' lang='lat' dir='ltr'>elati</span> <span class='ocrx_word' id='word_1_151' title='bbox 1435 1576 1605 1621; x_wconf 93' lang='lat' dir='ltr'>occisos</span> <span class='ocrx_word' id='word_1_152' title='bbox 1640 1576 1820 1621; x_wconf 87' lang='lat' dir='ltr'>tradere</span> <span class='ocrx_word' id='word_1_153' title='bbox 1844 1577 2121 1629; x_wconf 85' lang='lat' dir='ltr'>recusarent,</span> 
     </span>
     <span class='ocr_line' id='line_1_21' title="bbox 302 1653 2122 1713; baseline 0 -14"><span class='ocrx_word' id='word_1_154' title='bbox 302 1654 397 1699; x_wconf 86' lang='lat' dir='ltr'>iam</span> <span class='ocrx_word' id='word_1_155' title='bbox 444 1654 605 1699; x_wconf 90' lang='lat' dir='ltr'>multis</span> <span class='ocrx_word' id='word_1_156' title='bbox 652 1655 757 1699; x_wconf 87' lang='lat' dir='ltr'>ante</span> <span class='ocrx_word' id='word_1_157' title='bbox 806 1653 939 1698; x_wconf 91' lang='lat' dir='ltr'>annis</span> <span class='ocrx_word' id='word_1_158' title='bbox 982 1667 1009 1699; x_wconf 92' lang='lat' dir='ltr'>a</span> <span class='ocrx_word' id='word_1_159' title='bbox 1055 1654 1150 1699; x_wconf 90' lang='lat' dir='ltr'>suis</span> <span class='ocrx_word' id='word_1_160' title='bbox 1198 1654 1372 1700; x_wconf 90' lang='lat' dir='ltr'>civibus</span> <span class='ocrx_word' id='word_1_161' title='bbox 1416 1654 1459 1699; x_wconf 89' lang='lat' dir='ltr'>vi</span> <span class='ocrx_word' id='word_1_162' title='bbox 1508 1654 1738 1713; x_wconf 91' lang='lat' dir='ltr'>armisque</span> <span class='ocrx_word' id='word_1_163' title='bbox 1779 1653 1901 1700; x_wconf 92' lang='lat' dir='ltr'>idem</span> <span class='ocrx_word' id='word_1_164' title='bbox 1945 1655 2122 1699; x_wconf 87' lang='lat' dir='ltr'>coactos</span> 
     </span>
     <span class='ocr_line' id='line_1_22' title="bbox 299 1731 2123 1790; baseline 0 -13"><span class='ocrx_word' id='word_1_165' title='bbox 299 1746 398 1778; x_wconf 91' lang='lat' dir='ltr'>esse</span> <span class='ocrx_word' id='word_1_166' title='bbox 448 1732 713 1777; x_wconf 86' lang='lat' dir='ltr'>admoneret</span> <span class='ocrx_word' id='word_1_167' title='bbox 759 1745 901 1790; x_wconf 89' lang='lat' dir='ltr'>eaque</span> <span class='ocrx_word' id='word_1_168' title='bbox 947 1732 1254 1778; x_wconf 87' lang='lat' dir='ltr'>admonitione</span> <span class='ocrx_word' id='word_1_169' title='bbox 1300 1733 1419 1778; x_wconf 91' lang='lat' dir='ltr'>cives</span> <span class='ocrx_word' id='word_1_170' title='bbox 1468 1747 1574 1778; x_wconf 90' lang='lat' dir='ltr'>suos</span> <span class='ocrx_word' id='word_1_171' title='bbox 1622 1733 1933 1778; x_wconf 86' lang='lat' dir='ltr'>cohortaretur</span> <span class='ocrx_word' id='word_1_172' title='bbox 1976 1734 2022 1778; x_wconf 90' lang='lat' dir='ltr'>et</span> <span class='ocrx_word' id='word_1_173' title='bbox 2068 1731 2123 1777; x_wconf 89' lang='lat' dir='ltr'>de</span> 
     </span>
     <span class='ocr_line' id='line_1_23' title="bbox 303 1810 1216 1870; baseline 0 -15"><span class='ocrx_word' id='word_1_174' title='bbox 303 1811 439 1855; x_wconf 91' lang='lat' dir='ltr'>rebus</span> <span class='ocrx_word' id='word_1_175' title='bbox 477 1810 572 1854; x_wconf 90' lang='lat' dir='ltr'>suis</span> <span class='ocrx_word' id='word_1_176' title='bbox 608 1810 721 1855; x_wconf 91' lang='lat' dir='ltr'>bene</span> <span class='ocrx_word' id='word_1_177' title='bbox 759 1823 938 1868; x_wconf 90' lang='lat' dir='ltr'>sperare</span> <span class='ocrx_word' id='word_1_178' title='bbox 973 1810 1150 1856; x_wconf 89' lang='lat' dir='ltr'>iuberet</span> <span class='ocrx_word' id='word_1_179' title='bbox 1164 1812 1216 1870; x_wconf 79' lang='lat'>3).</span> 
     </span>
    </p>
   </div>
   <div class='ocr_carea' id='block_1_5' title="bbox 300 1900 2122 2191">
    <p class='ocr_par' dir='ltr' id='par_1_5' title="bbox 300 1900 2122 2191">
     <span class='ocr_line' id='line_1_24' title="bbox 433 1900 2122 1961; baseline 0.001 -16"><span class='ocrx_word' id='word_1_180' title='bbox 433 1900 606 1947; x_wconf 87' lang='lat' dir='ltr'>Eodem</span> <span class='ocrx_word' id='word_1_181' title='bbox 676 1901 817 1946; x_wconf 90' lang='lat' dir='ltr'>etiam</span> <span class='ocrx_word' id='word_1_182' title='bbox 870 1901 1065 1960; x_wconf 90' lang='lat' dir='ltr'>pertinet</span> <span class='ocrx_word' id='word_1_183' title='bbox 1134 1901 1254 1960; x_wconf 90' lang='lat' dir='ltr'>quod</span> <span class='ocrx_word' id='word_1_184' title='bbox 1310 1901 1367 1948; x_wconf 88' lang='lat' dir='ltr'>ad</span> <span class='ocrx_word' id='word_1_185' title='bbox 1424 1902 1717 1961; x_wconf 89' lang='lat' dir='ltr'>epigonorum</span> <span class='ocrx_word' id='word_1_186' title='bbox 1768 1902 1846 1961; x_wconf 90' lang='lat' dir='ltr'>qui</span> <span class='ocrx_word' id='word_1_187' title='bbox 1902 1901 2122 1947; x_wconf 86' lang='lat' dir='ltr'>vocantur</span> 
     </span>
     <span class='ocr_line' id='line_1_25' title="bbox 301 1979 2120 2040; baseline 0.002 -16"><span class='ocrx_word' id='word_1_188' title='bbox 301 1979 539 2025; x_wconf 89' lang='lat' dir='ltr'>victoriam</span> <span class='ocrx_word' id='word_1_189' title='bbox 594 1979 842 2025; x_wconf 86' lang='lat' dir='ltr'>identidem</span> <span class='ocrx_word' id='word_1_190' title='bbox 901 1980 1078 2025; x_wconf 90' lang='lat' dir='ltr'>animos</span> <span class='ocrx_word' id='word_1_191' title='bbox 1129 1980 1324 2026; x_wconf 86' lang='lat' dir='ltr'>advertit</span> <span class='ocrx_word' id='word_1_192' title='bbox 1339 1982 1375 2040; x_wconf 77' lang='lat'>4)</span> <span class='ocrx_word' id='word_1_193' title='bbox 1431 1983 1477 2026; x_wconf 91' lang='lat' dir='ltr'>et</span> <span class='ocrx_word' id='word_1_194' title='bbox 1529 1980 1759 2026; x_wconf 88' lang='lat' dir='ltr'>fortunam</span> <span class='ocrx_word' id='word_1_195' title='bbox 1810 1981 2120 2027; x_wconf 89' lang='lat' dir='ltr'>blandientem</span> 
     </span>
     <span class='ocr_line' id='line_1_26' title="bbox 300 2058 2118 2118; baseline 0.001 -16"><span class='ocrx_word' id='word_1_196' title='bbox 300 2058 544 2110; x_wconf 88' lang='lat' dir='ltr'>Thebanis,</span> <span class='ocrx_word' id='word_1_197' title='bbox 587 2060 744 2117; x_wconf 88' lang='lat' dir='ltr'>utpote</span> <span class='ocrx_word' id='word_1_198' title='bbox 788 2058 964 2103; x_wconf 85' lang='lat' dir='ltr'>variam</span> <span class='ocrx_word' id='word_1_199' title='bbox 1000 2072 1052 2103; x_wconf 87' lang='lat' dir='ltr'>ac</span> <span class='ocrx_word' id='word_1_200' title='bbox 1087 2059 1383 2113; x_wconf 88' lang='lat' dir='ltr'>mutabilem,</span> <span class='ocrx_word' id='word_1_201' title='bbox 1428 2058 1559 2105; x_wconf 86' lang='lat' dir='ltr'>facile</span> <span class='ocrx_word' id='word_1_202' title='bbox 1593 2072 1724 2118; x_wconf 90' lang='lat' dir='ltr'>posse</span> <span class='ocrx_word' id='word_1_203' title='bbox 1758 2059 1804 2104; x_wconf 91' lang='lat' dir='ltr'>in</span> <span class='ocrx_word' id='word_1_204' title='bbox 1840 2059 2118 2105; x_wconf 90' lang='lat' dir='ltr'>contrarium</span> 
     </span>
     <span class='ocr_line' id='line_1_27' title="bbox 301 2136 816 2191; baseline 0.002 -10"><span class='ocrx_word' id='word_1_205' title='bbox 301 2138 475 2182; x_wconf 89' lang='lat' dir='ltr'>vertere</span> <span class='ocrx_word' id='word_1_206' title='bbox 512 2136 633 2191; x_wconf 89' lang='lat' dir='ltr'>dicit,</span> <span class='ocrx_word' id='word_1_207' title='bbox 668 2137 816 2183; x_wconf 86' lang='lat' dir='ltr'>velut:</span> 
     </span>
    </p>
   </div>
   <div class='ocr_carea' id='block_1_6' title="bbox 293 2343 2120 3044">
    <p class='ocr_par' dir='ltr' id='par_1_6' title="bbox 436 2343 1051 2392">
     <span class='ocr_line' id='line_1_28' title="bbox 436 2343 1051 2392; baseline 0 -10"><span class='ocrx_word' id='word_1_208' title='bbox 436 2345 464 2392; x_wconf 88' lang='lat'>¹)</span> <span class='ocrx_word' id='word_1_209' title='bbox 493 2344 550 2382; x_wconf 85' lang='lat' dir='ltr'>Cf.</span> <span class='ocrx_word' id='word_1_210' title='bbox 580 2344 701 2382; x_wconf 85' lang='lat' dir='ltr'>Thuc.</span> <span class='ocrx_word' id='word_1_211' title='bbox 730 2343 755 2382; x_wconf 93' lang='lat' dir='ltr'>l.</span> <span class='ocrx_word' id='word_1_212' title='bbox 786 2356 818 2382; x_wconf 92' lang='grc'>0.</span> <span class='ocrx_word' id='word_1_213' title='bbox 850 2355 933 2392; x_wconf 90' lang='lat' dir='ltr'>cap.</span> <span class='ocrx_word' id='word_1_214' title='bbox 965 2344 1051 2383; x_wconf 89' lang='lat'>101.</span> 
     </span>
    </p>

    <p class='ocr_par' dir='ltr' id='par_1_7' title="bbox 297 2409 2120 2654">
     <span class='ocr_line' id='line_1_29' title="bbox 435 2409 2120 2459; baseline 0.001 -13"><span class='ocrx_word' id='word_1_215' title='bbox 435 2410 464 2457; x_wconf 68' lang='grc'>2)</span> <span class='ocrx_word' id='word_1_216' title='bbox 496 2409 551 2447; x_wconf 84' lang='lat' dir='ltr'>Cf.</span> <span class='ocrx_word' id='word_1_217' title='bbox 581 2409 722 2459; x_wconf 87' lang='lat' dir='ltr'>Bergk.</span> <span class='ocrx_word' id='word_1_218' title='bbox 750 2409 776 2448; x_wconf 93' lang='grc'>1.</span> <span class='ocrx_word' id='word_1_219' title='bbox 807 2421 840 2447; x_wconf 93' lang='lat' dir='ltr'>c.</span> <span class='ocrx_word' id='word_1_220' title='bbox 870 2421 956 2458; x_wconf 85' lang='lat' dir='ltr'>pag.</span> <span class='ocrx_word' id='word_1_221' title='bbox 987 2409 1062 2447; x_wconf 83' lang='lat'>536</span> <span class='ocrx_word' id='word_1_222' title='bbox 1091 2409 1179 2446; x_wconf 87' lang='lat' dir='ltr'>adn.</span> <span class='ocrx_word' id='word_1_223' title='bbox 1210 2409 1298 2448; x_wconf 77' lang='lat'>218.</span> <span class='ocrx_word' id='word_1_224' title='bbox 1358 2409 1685 2455; x_wconf 84' lang='lat' dir='ltr'>„Unwillkiirlich</span> <span class='ocrx_word' id='word_1_225' title='bbox 1719 2409 1818 2446; x_wconf 80' lang='lat' dir='ltr'>wird</span> <span class='ocrx_word' id='word_1_226' title='bbox 1852 2421 1943 2447; x_wconf 89' lang='lat' dir='ltr'>man</span> <span class='ocrx_word' id='word_1_227' title='bbox 1979 2421 2029 2447; x_wconf 89' lang='lat' dir='ltr'>an</span> <span class='ocrx_word' id='word_1_228' title='bbox 2057 2410 2120 2448; x_wconf 85' lang='lat' dir='ltr'>die</span> 
     </span>
     <span class='ocr_line' id='line_1_30' title="bbox 302 2471 2116 2525; baseline 0.001 -14"><span class='ocrx_word' id='word_1_229' title='bbox 302 2473 598 2512; x_wconf 80' lang='lat' dir='ltr'>ausfiihrlichen</span> <span class='ocrx_word' id='word_1_230' title='bbox 627 2474 992 2513; x_wconf 85' lang='lat' dir='ltr'>staatsrechtlichen</span> <span class='ocrx_word' id='word_1_231' title='bbox 1012 2474 1301 2525; x_wconf 78' lang='lat' dir='ltr'>E1·&#39;(&#39;)1·ternngen</span> <span class='ocrx_word' id='word_1_232' title='bbox 1325 2475 1523 2513; x_wconf 89' lang='lat' dir='ltr'>zwischen</span> <span class='ocrx_word' id='word_1_233' title='bbox 1550 2474 1800 2513; x_wconf 89' lang='lat' dir='ltr'>boeotischen</span> <span class='ocrx_word' id='word_1_234' title='bbox 1825 2471 1909 2512; x_wconf 83' lang='lat' dir='ltr'>und</span> <span class='ocrx_word' id='word_1_235' title='bbox 1925 2474 2116 2514; x_wconf 83' lang='lat' dir='ltr'>attischen</span> 
     </span>
     <span class='ocr_line' id='line_1_31' title="bbox 299 2538 2118 2589; baseline 0.001 -13"><span class='ocrx_word' id='word_1_236' title='bbox 299 2538 496 2576; x_wconf 89' lang='lat' dir='ltr'>Herolden</span> <span class='ocrx_word' id='word_1_237' title='bbox 535 2540 596 2576; x_wconf 91' lang='lat' dir='ltr'>bei</span> <span class='ocrx_word' id='word_1_238' title='bbox 624 2539 762 2577; x_wconf 90' lang='lat' dir='ltr'>Delion</span> <span class='ocrx_word' id='word_1_239' title='bbox 800 2540 991 2586; x_wconf 79' lang='lat' dir='ltr'>erinnert3</span> <span class='ocrx_word' id='word_1_240' title='bbox 1035 2551 1149 2577; x_wconf 91' lang='lat' dir='ltr'>wenn</span> <span class='ocrx_word' id='word_1_241' title='bbox 1177 2540 1297 2579; x_wconf 87' lang='lat' dir='ltr'>Thuc.</span> <span class='ocrx_word' id='word_1_242' title='bbox 1335 2540 1393 2577; x_wconf 90' lang='lat' dir='ltr'>IV</span> <span class='ocrx_word' id='word_1_243' title='bbox 1423 2540 1623 2578; x_wconf 84' lang='lat'>97—100</span> <span class='ocrx_word' id='word_1_244' title='bbox 1651 2540 1756 2577; x_wconf 87' lang='lat' dir='ltr'>diese</span> <span class='ocrx_word' id='word_1_245' title='bbox 1784 2539 2118 2589; x_wconf 86' lang='lat' dir='ltr'>Verbandlungen</span> 
     </span>
     <span class='ocr_line' id='line_1_32' title="bbox 297 2602 2112 2654; baseline 0.002 -14"><span class='ocrx_word' id='word_1_246' title='bbox 297 2603 354 2640; x_wconf 83' lang='lat' dir='ltr'>ini</span> <span class='ocrx_word' id='word_1_247' title='bbox 374 2603 503 2641; x_wconf 82' lang='lat' dir='ltr'>Detail</span> <span class='ocrx_word' id='word_1_248' title='bbox 532 2603 700 2651; x_wconf 88' lang='lat' dir='ltr'>mitteilt,</span> <span class='ocrx_word' id='word_1_249' title='bbox 731 2615 773 2642; x_wconf 91' lang='lat' dir='ltr'>so</span> <span class='ocrx_word' id='word_1_250' title='bbox 802 2604 884 2654; x_wconf 88' lang='lat' dir='ltr'>gibt</span> <span class='ocrx_word' id='word_1_251' title='bbox 906 2616 946 2641; x_wconf 89' lang='lat' dir='ltr'>er</span> <span class='ocrx_word' id='word_1_252' title='bbox 966 2605 1108 2654; x_wconf 86' lang='lat' dir='ltr'>gewiss</span> <span class='ocrx_word' id='word_1_253' title='bbox 1128 2604 1189 2641; x_wconf 89' lang='lat' dir='ltr'>ein</span> <span class='ocrx_word' id='word_1_254' title='bbox 1210 2604 1436 2642; x_wconf 73' lang='lat' dir='ltr'>annahernd</span> <span class='ocrx_word' id='word_1_255' title='bbox 1455 2605 1586 2641; x_wconf 88' lang='lat' dir='ltr'>treues</span> <span class='ocrx_word' id='word_1_256' title='bbox 1606 2602 1696 2641; x_wconf 90' lang='lat' dir='ltr'>Bild</span> <span class='ocrx_word' id='word_1_257' title='bbox 1716 2604 1784 2641; x_wconf 91' lang='lat' dir='ltr'>der</span> <span class='ocrx_word' id='word_1_258' title='bbox 1803 2603 2112 2644; x_wconf 78' lang='lat' dir='ltr'>Wirklichkeit.“</span> 
     </span>
    </p>

    <p class='ocr_par' dir='ltr' id='par_1_8' title="bbox 293 2668 2118 3044">
     <span class='ocr_line' id='line_1_33' title="bbox 434 2668 2117 2719; baseline 0.002 -14"><span class='ocrx_word' id='word_1_259' title='bbox 434 2670 464 2716; x_wconf 78' lang='lat'>3)</span> <span class='ocrx_word' id='word_1_260' title='bbox 494 2668 636 2706; x_wconf 87' lang='lat' dir='ltr'>Contra</span> <span class='ocrx_word' id='word_1_261' title='bbox 664 2668 919 2707; x_wconf 87' lang='lat' dir='ltr'>Guetzlaffius</span> <span class='ocrx_word' id='word_1_262' title='bbox 956 2669 980 2708; x_wconf 94' lang='lat' dir='ltr'>l.</span> <span class='ocrx_word' id='word_1_263' title='bbox 1019 2681 1051 2708; x_wconf 91' lang='grc'>0.</span> <span class='ocrx_word' id='word_1_264' title='bbox 1092 2681 1178 2719; x_wconf 89' lang='lat' dir='ltr'>pag.</span> <span class='ocrx_word' id='word_1_265' title='bbox 1210 2670 1260 2708; x_wconf 85' lang='lat'>56</span> <span class='ocrx_word' id='word_1_266' title='bbox 1302 2669 1436 2718; x_wconf 89' lang='lat' dir='ltr'>„peius</span> <span class='ocrx_word' id='word_1_267' title='bbox 1473 2669 1662 2707; x_wconf 88' lang='lat' dir='ltr'>solacium</span> <span class='ocrx_word' id='word_1_268' title='bbox 1700 2669 1924 2719; x_wconf 87' lang='lat' dir='ltr'>excogitare</span> <span class='ocrx_word' id='word_1_269' title='bbox 1961 2676 2117 2719; x_wconf 84' lang='lat' dir='ltr'>poetam</span> 
     </span>
     <span class='ocr_line' id='line_1_34' title="bbox 297 2733 2117 2784; baseline 0.001 -13"><span class='ocrx_word' id='word_1_270' title='bbox 297 2746 375 2773; x_wconf 90' lang='lat' dir='ltr'>non</span> <span class='ocrx_word' id='word_1_271' title='bbox 404 2733 579 2783; x_wconf 87' lang='lat' dir='ltr'>potuisse</span> <span class='ocrx_word' id='word_1_272' title='bbox 608 2745 728 2784; x_wconf 82' lang='lat' dir='ltr'>quani</span> <span class='ocrx_word' id='word_1_273' title='bbox 756 2733 929 2773; x_wconf 83' lang='lat' dir='ltr'>fabulam</span> <span class='ocrx_word' id='word_1_274' title='bbox 957 2746 1122 2773; x_wconf 87' lang='lat' dir='ltr'>scaenae</span> <span class='ocrx_word' id='word_1_275' title='bbox 1151 2734 1406 2780; x_wconf 87' lang='lat' dir='ltr'>committere,</span> <span class='ocrx_word' id='word_1_276' title='bbox 1437 2746 1536 2784; x_wconf 90' lang='lat' dir='ltr'>quae</span> <span class='ocrx_word' id='word_1_277' title='bbox 1564 2734 1769 2773; x_wconf 87' lang='lat' dir='ltr'>victoriam</span> <span class='ocrx_word' id='word_1_278' title='bbox 1793 2735 1840 2773; x_wconf 91' lang='lat' dir='ltr'>de</span> <span class='ocrx_word' id='word_1_279' title='bbox 1859 2734 1998 2773; x_wconf 89' lang='lat' dir='ltr'>iisdem</span> <span class='ocrx_word' id='word_1_280' title='bbox 2017 2735 2117 2774; x_wconf 84' lang='lat' dir='ltr'>The-</span> 
     </span>
     <span class='ocr_line' id='line_1_35' title="bbox 297 2800 2118 2851; baseline 0.001 -13"><span class='ocrx_word' id='word_1_281' title='bbox 297 2801 410 2838; x_wconf 83' lang='lat' dir='ltr'>banis</span> <span class='ocrx_word' id='word_1_282' title='bbox 430 2801 666 2848; x_wconf 86' lang='lat' dir='ltr'>reportatam</span> <span class='ocrx_word' id='word_1_283' title='bbox 688 2800 936 2849; x_wconf 77' lang='lat' dir='ltr'>descripserit</span> <span class='ocrx_word' id='word_1_284' title='bbox 955 2813 1034 2851; x_wconf 89' lang='lat' dir='ltr'>qua</span> <span class='ocrx_word' id='word_1_285' title='bbox 1054 2801 1314 2839; x_wconf 87' lang='lat' dir='ltr'>Athenienses</span> <span class='ocrx_word' id='word_1_286' title='bbox 1335 2802 1493 2851; x_wconf 87' lang='lat' dir='ltr'>Argivis</span> <span class='ocrx_word' id='word_1_287' title='bbox 1511 2801 1551 2839; x_wconf 92' lang='lat' dir='ltr'>id</span> <span class='ocrx_word' id='word_1_288' title='bbox 1570 2801 1868 2851; x_wconf 80' lang='lat' dir='ltr'>praestitissent,</span> <span class='ocrx_word' id='word_1_289' title='bbox 1898 2802 2002 2850; x_wconf 91' lang='lat' dir='ltr'>quod</span> <span class='ocrx_word' id='word_1_290' title='bbox 2022 2804 2118 2840; x_wconf 82' lang='lat' dir='ltr'>‘tunc</span> 
     </span>
     <span class='ocr_line' id='line_1_36' title="bbox 295 2865 2118 2916; baseline 0.001 -13"><span class='ocrx_word' id='word_1_291' title='bbox 295 2878 346 2903; x_wconf 87' lang='lat' dir='ltr'>nc</span> <span class='ocrx_word' id='word_1_292' title='bbox 375 2865 449 2904; x_wconf 90' lang='lat' dir='ltr'>sibi</span> <span class='ocrx_word' id='word_1_293' title='bbox 476 2865 572 2914; x_wconf 90' lang='lat' dir='ltr'>ipsis</span> <span class='ocrx_word' id='word_1_294' title='bbox 601 2865 759 2914; x_wconf 88' lang='lat' dir='ltr'>quidem</span> <span class='ocrx_word' id='word_1_295' title='bbox 787 2868 983 2914; x_wconf 84' lang='lat' dir='ltr'>praestare</span> <span class='ocrx_word' id='word_1_296' title='bbox 1020 2867 1253 2916; x_wconf 75' lang='lat' dir='ltr'>potueiint.“</span> <span class='ocrx_word' id='word_1_297' title='bbox 1312 2866 1434 2905; x_wconf 88' lang='lat' dir='ltr'>Cuius</span> <span class='ocrx_word' id='word_1_298' title='bbox 1473 2867 1688 2905; x_wconf 88' lang='lat' dir='ltr'>sententiae</span> <span class='ocrx_word' id='word_1_299' title='bbox 1725 2867 1963 2906; x_wconf 71' lang='lat' dir='ltr'>mentionem</span> <span class='ocrx_word' id='word_1_300' title='bbox 1990 2867 2118 2905; x_wconf 85' lang='lat' dir='ltr'>facere</span> 
     </span>
     <span class='ocr_line' id='line_1_37' title="bbox 293 2931 2118 2982; baseline 0.001 -13"><span class='ocrx_word' id='word_1_301' title='bbox 293 2931 392 2969; x_wconf 81' lang='lat' dir='ltr'>satis</span> <span class='ocrx_word' id='word_1_302' title='bbox 429 2931 570 2978; x_wconf 85' lang='lat' dir='ltr'>habui;</span> <span class='ocrx_word' id='word_1_303' title='bbox 618 2942 744 2979; x_wconf 89' lang='lat' dir='ltr'>neque</span> <span class='ocrx_word' id='word_1_304' title='bbox 783 2931 885 2968; x_wconf 89' lang='lat' dir='ltr'>enim</span> <span class='ocrx_word' id='word_1_305' title='bbox 915 2944 1051 2970; x_wconf 85' lang='lat' dir='ltr'>vereor</span> <span class='ocrx_word' id='word_1_306' title='bbox 1084 2944 1134 2969; x_wconf 88' lang='lat' dir='ltr'>ne</span> <span class='ocrx_word' id='word_1_307' title='bbox 1161 2933 1228 2981; x_wconf 89' lang='lat' dir='ltr'>qui</span> <span class='ocrx_word' id='word_1_308' title='bbox 1256 2932 1462 2982; x_wconf 87' lang='lat' dir='ltr'>diligenter</span> <span class='ocrx_word' id='word_1_309' title='bbox 1495 2933 1701 2982; x_wconf 87' lang='lat' dir='ltr'>animoque</span> <span class='ocrx_word' id='word_1_310' title='bbox 1728 2945 1806 2971; x_wconf 89' lang='lat' dir='ltr'>non</span> <span class='ocrx_word' id='word_1_311' title='bbox 1834 2935 2118 2982; x_wconf 86' lang='lat' dir='ltr'>praeoccupato</span> 
     </span>
     <span class='ocr_line' id='line_1_38' title="bbox 294 2995 1201 3044; baseline 0 -9"><span class='ocrx_word' id='word_1_312' title='bbox 294 2995 471 3035; x_wconf 86' lang='lat' dir='ltr'>fabulam</span> <span class='ocrx_word' id='word_1_313' title='bbox 501 2995 638 3044; x_wconf 86' lang='lat' dir='ltr'>legerit</span> <span class='ocrx_word' id='word_1_314' title='bbox 665 2995 758 3033; x_wconf 90' lang='lat' dir='ltr'>huic</span> <span class='ocrx_word' id='word_1_315' title='bbox 787 2996 1000 3034; x_wconf 85' lang='lat' dir='ltr'>sententiae</span> <span class='ocrx_word' id='word_1_316' title='bbox 1029 2997 1201 3036; x_wconf 86' lang='lat' dir='ltr'>accedat.</span> 
     </span>
    </p>
   </div>
   <div class='ocr_carea' id='block_1_7' title="bbox 428 3059 1026 3111">
    <p class='ocr_par' dir='ltr' id='par_1_9' title="bbox 428 3059 1026 3111">
     <span class='ocr_line' id='line_1_39' title="bbox 428 3059 1026 3111; baseline 0.002 -11"><span class='ocrx_word' id='word_1_317' title='bbox 428 3061 459 3111; x_wconf 79' lang='lat'>⁴)</span> <span class='ocrx_word' id='word_1_318' title='bbox 489 3060 545 3100; x_wconf 88' lang='lat' dir='ltr'>Cf.</span> <span class='ocrx_word' id='word_1_319' title='bbox 576 3059 711 3110; x_wconf 86' lang='lat' dir='ltr'>Suppl.</span> <span class='ocrx_word' id='word_1_320' title='bbox 743 3072 780 3099; x_wconf 80' lang='lat' dir='ltr'>v.</span> <span class='ocrx_word' id='word_1_321' title='bbox 812 3061 913 3098; x_wconf 84' lang='lat'>1143</span> <span class='ocrx_word' id='word_1_322' title='bbox 943 3072 1026 3110; x_wconf 85' lang='lat' dir='ltr'>sqq.</span> 
     </span>
    </p>
   </div>
  </div>
 </body>
</html>
