2281 3492
1200 71 1261 115 26

320 239 368 270 se
404 239 512 270 cum
556 224 709 270 liberis
758 225 993 270 mandatis
1029 226 1205 271 venisse
1240 225 1463 279 dicentes,
1515 225 1560 269 in
1605 225 1813 270 contione
1858 225 2075 282 negantes
2095 224 2148 282 ¹)-

320 303 479 362 Neque
527 303 646 362 quod
680 305 733 348 ut
778 304 844 348 ita
888 303 1090 350 facerent
1135 304 1274 362 legati
1320 305 1377 349 ab
1421 303 1654 349 Alcibiade
1696 303 1874 348 inducti
1917 305 2046 349 erant
2088 302 2147 347 iis

321 382 602 427 excusationi
648 395 747 427 esse
789 384 990 440 poterat,
1042 382 1183 426 immo
1221 381 1374 427 Grotio
1425 381 1778 427 adsentiendum
1824 396 1923 427 esse
1969 394 2150 434 censeo,

322 474 397 506 eos
442 459 630 519 perfidia
667 462 804 518 atque
840 459 1097 505 temeritate
1135 474 1218 504 sua
1254 460 1490 519 opprobria
1536 459 1803 518 permeritos
1850 473 1972 513 esse,
2026 471 2143 517 quae

323 538 561 597 Spartanis
607 552 633 582 a
676 538 861 596 reliquis
918 537 1104 583 Graecis
1156 538 1253 582 fieri
1301 538 1507 583 solebant
1523 538 1574 596 2).
1656 538 1726 582 Ab
1771 537 1974 582 honestis
2021 537 2141 582 enim

328 617 563 675 bonaeque
598 616 703 662 fidei
727 616 986 662 hominibus
1022 619 1120 662 tam
1155 616 1321 675 perfide
1358 618 1403 662 et
1426 615 1740 661 fraudulenter
1774 629 1905 673 agere
1941 615 2146 661 alienum

326 709 425 740 esse
462 709 595 740 nemo
631 695 829 752 negabit.
1867 676 1872 685 s

460 796 611 853 Atque
647 808 763 853 quae
788 794 1011 839 Adrastus
1047 794 1094 838 in
1128 793 1218 838 fine
1254 793 1468 838 orationis
1503 806 1627 846 suae,
1664 805 1804 850 quam
1831 790 2152 850 allegavimus,

329 873 383 920 de
409 873 583 920 Theseo
617 873 864 933 praedicat,
901 886 1184 933 quamquam
1219 872 1267 918 in
1300 872 1566 918 universum
1600 884 1842 931 personam
1877 869 2064 916 Periclis
2100 868 2149 914 in

326 953 490 998 Thesei
526 953 706 1010 ingenio
744 956 788 998 et
822 953 1027 998 moribus
1064 952 1358 1011 depingendis
1393 951 1596 1010 Euripidi
1641 950 1695 995 ob
1731 950 1881 995 oculos
1916 951 2148 994 versatam

329 1046 428 1078 esse
481 1031 612 1077 facile
667 1031 981 1088 cognoscimus
999 1032 1063 1090 3),
1117 1033 1272 1075 tamen
1331 1030 1387 1075 ad
1446 1029 1727 1075 Alcibiadem
1784 1026 2152 1073 luculentissime

329 1110 608 1168 spectant4).
679 1107 809 1164 Quod
844 1108 890 1152 ni
924 1109 989 1152 ita
1025 1111 1157 1160 esset,
1194 1108 1266 1151 vix
1321 1108 1565 1165 quisquam
1613 1121 1694 1151 cur
1739 1108 1784 1151 et
1828 1106 1902 1150 hic
1949 1108 1994 1150 et
2038 1105 2151 1149 alibi

329 1187 493 1232 Thesei
543 1187 757 1232 iuvenilis
805 1188 934 1231 aetas
987 1185 1305 1243 designaretur
1352 1185 1575 1244 explicare
1610 1184 1839 1243 posset5);
1888 1182 2147 1228 Alcibiades

329 1268 487 1311 autern
522 1279 572 1310 eo
608 1265 702 1324 ipso
738 1268 939 1323 tempore
975 1278 1063 1309 non
1108 1264 1210 1322 plus
1247 1262 1434 1320 triginta
1470 1276 1611 1308 annos
1649 1264 1783 1307 natus
1818 1275 2038 1319 magnam
2072 1274 2153 1320 po-

330 1344 524 1388 tentiam
560 1343 605 1387 in
642 1343 825 1387 civitate
862 1342 947 1387 sibi
978 1342 1305 1399 acquisiverat:
1346 1331 1484 1402 „5ch
1519 1332 1682 1402 ἡλικία
1715 1337 1804 1397 μὲν
1839 1335 1909 1383 ἔτι
1943 1333 2051 1383 τότε
2087 1328 2156 1382 ὧν

331 1438 375 1466 asc
356 1418 434 1476 c'og
487 1412 551 1476 ὥς
604 1417 653 1464 ἐν
704 1409 820 1482 amr]
872 1412 1038 1476 πόλει,
1102 1377 1355 1478 αξιωματι7
1387 1416 1441 1464 δὲ
1486 1410 1734 1479 προγόνωι
1788 1409 2078 1476 τιιι(1’ψ«1.“”ι)οςιι
2099 1417 2158 1477 6).

331 1499 492 1558 Neque
526 1502 709 1558 poetam
751 1499 797 1544 id
831 1498 991 1544 fecisse
1026 1498 1325 1553 mirabimur,
1374 1498 1412 1543 si
1457 1496 1817 1556 reputaverimus
1853 1499 1967 1541 tunc
2008 1508 2155 1556 στρα-

329 1575 473 1640 τηγοῦ
507 1592 677 1622 munus
703 1576 989 1622 Alcibiadem
1023 1576 1236 1635 petivisse
1256 1577 1291 1634 7)
1329 1578 1373 1621 et
1408 1575 1493 1635 ipsi
1528 1574 1735 1633 Euripidi
1770 1588 1876 1619 cum
1912 1588 1961 1620 eo
1998 1587 2154 1619 neces-

330 1657 579 1702 situdinem
633 1656 774 1702 fuisse
792 1657 843 1714 3).
924 1654 1059 1701 Certa
1118 1656 1303 1713 quidem
1356 1655 1577 1700 memoria
1628 1654 1682 1698 de
1736 1653 1938 1698 amicitia
1990 1653 2155 1697 horum

329 1735 531 1780 virorum
579 1749 671 1780 non
715 1734 893 1793 prodita
940 1736 1035 1786 est;
1094 1734 1198 1778 inde
1245 1747 1347 1779 vero
1392 1733 1510 1791 quod
1560 1731 1768 1777 Socrates
1822 1744 1928 1776 cum
1962 1733 2156 1788 utroque

334 1813 646 1859 familiaritate
683 1813 954 1858 coniunctus
989 1812 1076 1857 fuit
1112 1814 1156 1857 et
1190 1811 1429 1870 Euripides
1466 1824 1585 1856 anno
1622 1810 1717 1855 416
1754 1823 1793 1854 a.
1824 1807 1929 1855 Chr.
1955 1823 1999 1854 n.
2036 1807 2160 1853 Alci-

332 1891 478 1936 biadis
516 1891 806 1950 Olympicam
856 1891 1091 1936 victoriam
1127 1890 1371 1935 celebravit
1388 1891 1450 1949 ⁴³),
1500 1888 1611 1933 satis
1648 1890 1767 1933 certo
1813 1887 2019 1945 colligere
2055 1900 2164 1945 pos-

468 2088 495 2128 1)
525 2087 581 2126 Cf.
618 2099 717 2136 quae
754 2086 1010 2134 exposuimus
1047 2097 1133 2133 pag.
1166 2083 1226 2123 18.

467 2154 496 2199 ²)
527 2152 583 2190 Cf.
615 2152 744 2191 Grote.
799 2151 902 2189 Hist.
933 2151 1068 2188 Graec.
1098 2150 1256 2198 interpr.
1288 2149 1415 2187 Germ.
1445 2148 1515 2187 IV.
1546 2160 1632 2197 pag.
1663 2147 1725 2186 39.

468 2219 497 2264 3)
528 2217 618 2255 Vid.
647 2217 747 2254 infra
785 2228 871 2265 pag.
902 2216 965 2254 43.

468 2283 498 2329 ⁴)
529 2282 584 2320 Cf.
616 2282 745 2319 Zirnd.
775 2281 800 2319 l.
831 2293 863 2319 c.
894 2293 979 2330 pag.
1001 2281 1062 2318 53.
1119 2279 1228 2318 Hart.
1259 2279 1282 2318 l.
1314 2291 1345 2317 e.
1375 2278 1416 2316 Π
1436 2290 1521 2327 pag.
1542 2277 1605 2316 81.
1663 2277 1890 2326 Hertzberg.
1933 2275 2162 2314 Alcibiades

337 2348 406 2384 der
447 2346 697 2385 Staatsmann
735 2347 817 2384 und
855 2345 1053 2384 Feldherr.
1110 2345 1225 2383 Halle
1257 2343 1369 2383 1853.
1399 2356 1484 2393 pag.
1518 2343 1603 2381 130.
1660 2342 1840 2381 Schenkl.
1870 2341 1896 2380 1.
1926 2354 1959 2380 c.
1988 2353 2075 2390 pag.
2106 2336 2157 2379 25

339 2415 377 2449 et
419 2413 505 2451 adn.
551 2413 613 2451 59.
670 2412 793 2450 Zastr.
836 2411 861 2450 l.
904 2423 937 2450 c.
980 2423 1066 2460 pag.
1099 2410 1158 2448 10.
1214 2410 1355 2459 Bergk.
1385 2409 1409 2447 l.
1441 2421 1472 2447 c.
1504 2421 1589 2458 pag.
1621 2409 1710 2446 535.
1765 2407 1987 2445 XVilamow.
2043 2405 2162 2444 Anal.

339 2477 472 2526 Eurip.
503 2490 577 2527 pag
606 2479 668 2517 77.

470 2545 500 2591 ⁵)
531 2543 586 2581 Cf.
631 2555 747 2592 quein
790 2555 908 2592 supra
943 2541 1149 2580 attulimus
1192 2554 1228 2579 v.
1261 2541 1336 2579 190
1385 2542 1424 2577 et
1465 2552 1503 2578 v.
1547 2539 1624 2577 580
1665 2538 1733 2575 ubi
1773 2549 1911 2586 praeco
1953 2536 2163 2575 Thebanus

339 2609 487 2647 Theseo
515 2609 740 2657 respondet:

736 2702 896 2709 .....
927 2671 999 2708 ἰ’ἶψ
1028 2666 1063 2708 δἸ
1094 2666 1148 2707 ἔτη
1179 2669 1218 2706 εἷ
1242 2673 1411 2708 νεανίας.

473 2738 504 2785 6)
532 2738 651 2775 Thuo.
681 2738 718 2774 V
747 2739 809 2785 43,
840 2738 875 2775 3.

476 2803 503 2851 τ)
537 2802 636 2840 Cum
664 2802 779 2851 paulo
808 2804 895 2850 post
923 2797 1147 2851 στρατηγός
1175 2800 1390 2846 crearetur,
1430 2810 1520 2836 eum
1549 2800 1645 2835 tunc
1672 2796 1771 2834 illud
1799 2808 1946 2834 munus
1974 2795 2164 2845 petivisse

337 2869 528 2918 sequitur.
587 2866 642 2905 Cf.
672 2866 776 2905 Plut.
805 2867 892 2904 Nic.
922 2866 975 2905 X.
1006 2865 1089 2903 Alc.
1119 2864 1210 2903 XV.
1268 2863 1368 2902 Gilb.
1397 2863 1422 2902 1.
1453 2876 1484 2902 c.
1517 2875 1603 2912 pag.
1638 2863 1687 2899 14
1715 2873 1801 2910 sqq.
2036 2877 2059 2899 ο

472 2933 503 2981 ⁸)
533 2931 590 2971 Cf.
620 2931 844 2970 WilamOW.
873 2931 897 2970 l.
929 2943 961 2970 c.
991 2943 1077 2980 pag.
1110 2929 1196 2969 179.
1253 2928 1435 2968 Schenkl.
1463 2928 1488 2968 1.
1519 2940 1552 2967 c,
1582 2939 1669 2977 pag.
1700 2926 1760 2965 25.

471 2999 501 3047 9)
532 2998 590 3036 Cf.
627 2996 732 3035 Plut.
772 2996 856 3034 Alc.
885 2996 958 3043 XI,
1002 2996 1068 3044 qui
1096 3007 1241 3044 paucos
1276 2995 1383 3032 illius
1425 2993 1609 3032 carminis
1649 3003 1787 3029 versus
1829 2991 2014 3029 servavit.
2069 2990 2162 3028 Vid.

336 3065 449 3104 Hart.
479 3063 504 3103 l.
536 3075 568 3103 c,
598 3062 639 3101 H
682 3074 768 3113 pag.
797 3061 861 3101 80.
916 3061 1033 3099 Haud
1075 3061 1166 3111 scio,
1197 3072 1247 3098 an
1282 3071 1396 3098 nemo
1425 3058 1667 3097 adsentiatur
1694 3056 1879 3106 Hauptio,
1909 3055 1976 3106 qui
2002 3054 2029 3094 l.
2059 3067 2091 3093 c.
2122 3054 2166 3092 II
