<?xml version="1.0" encoding="UTF-8"?>
<!DOCTYPE html PUBLIC "-//W3C//DTD XHTML 1.0 Transitional//EN"
    "http://www.w3.org/TR/xhtml1/DTD/xhtml1-transitional.dtd">
<html xmlns="http://www.w3.org/1999/xhtml" xml:lang="en" lang="en">
 <head>
  <title>
</title>
<meta http-equiv="Content-Type" content="text/html;charset=utf-8" />
  <meta name='ocr-system' content='tesseract 3.04.00' />
  <meta name='ocr-capabilities' content='ocr_page ocr_carea ocr_par ocr_line ocrx_word'/>
</head>
<body>
  <div class='ocr_page' id='page_1' title='image "4626156_0025.png"; bbox 0 0 2281 3492; ppageno 0'>
   <div class='ocr_carea' id='block_1_1' title="bbox 308 117 2133 1193">
    <p class='ocr_par' dir='ltr' id='par_1_1' title="bbox 1189 117 1247 162">
     <span class='ocr_line' id='line_1_1' title="bbox 1189 117 1247 162; baseline -0.017 0"><span class='ocrx_word' id='word_1_1' title='bbox 1189 117 1247 162; x_wconf 83' lang='grc'>18</span> 
     </span>
    </p>

    <p class='ocr_par' dir='ltr' id='par_1_2' title="bbox 308 273 2133 1193">
     <span class='ocr_line' id='line_1_2' title="bbox 310 273 2130 333; baseline 0.001 -15"><span class='ocrx_word' id='word_1_2' title='bbox 310 274 494 332; x_wconf 90' lang='lat' dir='ltr'>quidem</span> <span class='ocrx_word' id='word_1_3' title='bbox 531 273 739 318; x_wconf 88' lang='lat' dir='ltr'>fraudem</span> <span class='ocrx_word' id='word_1_4' title='bbox 764 274 1108 332; x_wconf 78' lang='lat' dir='ltr'>perhorrescens</span> <span class='ocrx_word' id='word_1_5' title='bbox 1134 273 1503 319; x_wconf 77' lang='lat' dir='ltr'>Lacedaemoniis</span> <span class='ocrx_word' id='word_1_6' title='bbox 1539 274 1625 319; x_wconf 90' lang='lat' dir='ltr'>fide</span> <span class='ocrx_word' id='word_1_7' title='bbox 1662 274 1770 319; x_wconf 87' lang='lat' dir='ltr'>data</span> <span class='ocrx_word' id='word_1_8' title='bbox 1795 274 2037 333; x_wconf 74' lang='lat' dir='ltr'>persuasit,</span> <span class='ocrx_word' id='word_1_9' title='bbox 2073 288 2130 320; x_wconf 92' lang='lat' dir='ltr'>ne</span> 
     </span>
     <span class='ocr_line' id='line_1_3' title="bbox 310 351 2128 411; baseline 0.001 -14"><span class='ocrx_word' id='word_1_10' title='bbox 310 366 417 398; x_wconf 89' lang='lat' dir='ltr'>cum</span> <span class='ocrx_word' id='word_1_11' title='bbox 454 365 637 398; x_wconf 89' lang='lat' dir='ltr'>summa</span> <span class='ocrx_word' id='word_1_12' title='bbox 670 353 894 411; x_wconf 75' lang='lat' dir='ltr'>potestate</span> <span class='ocrx_word' id='word_1_13' title='bbox 931 365 978 398; x_wconf 90' lang='lat' dir='ltr'>se</span> <span class='ocrx_word' id='word_1_14' title='bbox 1012 351 1188 398; x_wconf 83' lang='lat' dir='ltr'>venisse</span> <span class='ocrx_word' id='word_1_15' title='bbox 1224 365 1377 398; x_wconf 90' lang='lat' dir='ltr'>coram</span> <span class='ocrx_word' id='word_1_16' title='bbox 1406 353 1570 411; x_wconf 89' lang='lat' dir='ltr'>populo</span> <span class='ocrx_word' id='word_1_17' title='bbox 1606 351 1876 406; x_wconf 79' lang='lat' dir='ltr'>faterentur3</span> <span class='ocrx_word' id='word_1_18' title='bbox 1910 353 1997 398; x_wconf 88' lang='lat' dir='ltr'>hac</span> <span class='ocrx_word' id='word_1_19' title='bbox 2030 352 2128 411; x_wconf 86' lang='lat' dir='ltr'>lege</span> 
     </span>
     <span class='ocr_line' id='line_1_4' title="bbox 311 430 2128 487; baseline 0.001 -13"><span class='ocrx_word' id='word_1_20' title='bbox 311 445 357 475; x_wconf 92' lang='lat' dir='ltr'>se</span> <span class='ocrx_word' id='word_1_21' title='bbox 402 432 447 474; x_wconf 88' lang='lat' dir='ltr'>et</span> <span class='ocrx_word' id='word_1_22' title='bbox 495 430 664 487; x_wconf 71' lang='lat' dir='ltr'>Pylum</span> <span class='ocrx_word' id='word_1_23' title='bbox 719 430 997 474; x_wconf 83' lang='lat' dir='ltr'>reddendam</span> <span class='ocrx_word' id='word_1_24' title='bbox 1044 431 1100 474; x_wconf 90' lang='lat' dir='ltr'>iis</span> <span class='ocrx_word' id='word_1_25' title='bbox 1154 433 1422 474; x_wconf 85' lang='lat' dir='ltr'>curaturum</span> <span class='ocrx_word' id='word_1_26' title='bbox 1472 433 1516 474; x_wconf 90' lang='lat' dir='ltr'>et</span> <span class='ocrx_word' id='word_1_27' title='bbox 1574 433 1747 474; x_wconf 89' lang='lat' dir='ltr'>ceteras</span> <span class='ocrx_word' id='word_1_28' title='bbox 1800 431 2128 475; x_wconf 81' lang='lat' dir='ltr'>controversias</span> 
     </span>
     <span class='ocr_line' id='line_1_5' title="bbox 308 507 2127 567; baseline 0 -14"><span class='ocrx_word' id='word_1_29' title='bbox 308 508 671 567; x_wconf 89' lang='lat' dir='ltr'>compositurum</span> <span class='ocrx_word' id='word_1_30' title='bbox 706 522 818 553; x_wconf 85' lang='lat' dir='ltr'>esse.</span> <span class='ocrx_word' id='word_1_31' title='bbox 888 507 986 553; x_wconf 88' lang='lat' dir='ltr'>Hoc</span> <span class='ocrx_word' id='word_1_32' title='bbox 1028 509 1186 553; x_wconf 89' lang='lat' dir='ltr'>autem</span> <span class='ocrx_word' id='word_1_33' title='bbox 1229 522 1279 553; x_wconf 89' lang='lat' dir='ltr'>eo</span> <span class='ocrx_word' id='word_1_34' title='bbox 1327 508 1511 553; x_wconf 89' lang='lat' dir='ltr'>consilio</span> <span class='ocrx_word' id='word_1_35' title='bbox 1547 507 1674 561; x_wconf 88' lang='lat' dir='ltr'>fecit,</span> <span class='ocrx_word' id='word_1_36' title='bbox 1726 509 1779 552; x_wconf 88' lang='lat' dir='ltr'>ut</span> <span class='ocrx_word' id='word_1_37' title='bbox 1815 521 1889 553; x_wconf 90' lang='lat' dir='ltr'>eos</span> <span class='ocrx_word' id='word_1_38' title='bbox 1935 521 1962 552; x_wconf 89' lang='lat' dir='ltr'>a</span> <span class='ocrx_word' id='word_1_39' title='bbox 1995 507 2127 553; x_wconf 88' lang='lat' dir='ltr'>Nicia</span> 
     </span>
     <span class='ocr_line' id='line_1_6' title="bbox 310 585 2133 644; baseline 0 -14"><span class='ocrx_word' id='word_1_40' title='bbox 310 587 594 631; x_wconf 84' lang='lat' dir='ltr'>abalienaret</span> <span class='ocrx_word' id='word_1_41' title='bbox 639 589 775 643; x_wconf 88' lang='lat' dir='ltr'>atque</span> <span class='ocrx_word' id='word_1_42' title='bbox 813 586 934 644; x_wconf 87' lang='lat' dir='ltr'>apud</span> <span class='ocrx_word' id='word_1_43' title='bbox 978 587 1197 644; x_wconf 90' lang='lat' dir='ltr'>populum</span> <span class='ocrx_word' id='word_1_44' title='bbox 1233 586 1353 643; x_wconf 89' lang='lat' dir='ltr'>ipsos</span> <span class='ocrx_word' id='word_1_45' title='bbox 1391 586 1683 637; x_wconf 75' lang='lat' dir='ltr'>criminatus,</span> <span class='ocrx_word' id='word_1_46' title='bbox 1730 585 1849 643; x_wconf 88' lang='lat' dir='ltr'>quod</span> <span class='ocrx_word' id='word_1_47' title='bbox 1884 585 2002 630; x_wconf 90' lang='lat' dir='ltr'>nihil</span> <span class='ocrx_word' id='word_1_48' title='bbox 2035 586 2133 631; x_wconf 87' lang='lat' dir='ltr'>veri</span> 
     </span>
     <span class='ocr_line' id='line_1_7' title="bbox 311 662 2131 723; baseline -0.001 -13"><span class='ocrx_word' id='word_1_49' title='bbox 311 664 564 723; x_wconf 85' lang='lat' dir='ltr'>sincerique</span> <span class='ocrx_word' id='word_1_50' title='bbox 615 664 660 708; x_wconf 91' lang='lat' dir='ltr'>in</span> <span class='ocrx_word' id='word_1_51' title='bbox 714 663 870 709; x_wconf 88' lang='lat' dir='ltr'>animo</span> <span class='ocrx_word' id='word_1_52' title='bbox 925 663 1171 716; x_wconf 88' lang='lat' dir='ltr'>haberent,</span> <span class='ocrx_word' id='word_1_53' title='bbox 1217 662 1275 708; x_wconf 91' lang='lat' dir='ltr'>ad</span> <span class='ocrx_word' id='word_1_54' title='bbox 1319 662 1590 720; x_wconf 87' lang='lat' dir='ltr'>Argivorum</span> <span class='ocrx_word' id='word_1_55' title='bbox 1643 662 1908 708; x_wconf 89' lang='lat' dir='ltr'>societatem</span> <span class='ocrx_word' id='word_1_56' title='bbox 1952 663 2131 708; x_wconf 90' lang='lat' dir='ltr'>animos</span> 
     </span>
     <span class='ocr_line' id='line_1_8' title="bbox 310 740 2131 799; baseline 0.001 -13"><span class='ocrx_word' id='word_1_57' title='bbox 310 743 661 787; x_wconf 82' lang='lat' dir='ltr'>Atheniensium</span> <span class='ocrx_word' id='word_1_58' title='bbox 709 743 966 787; x_wconf 86' lang='lat' dir='ltr'>inclinaret.</span> <span class='ocrx_word' id='word_1_59' title='bbox 1045 744 1194 799; x_wconf 85' lang='lat' dir='ltr'>Atque</span> <span class='ocrx_word' id='word_1_60' title='bbox 1239 743 1304 786; x_wconf 88' lang='lat' dir='ltr'>ita</span> <span class='ocrx_word' id='word_1_61' title='bbox 1349 742 1512 787; x_wconf 76' lang='lat' dir='ltr'>evenit.</span> <span class='ocrx_word' id='word_1_62' title='bbox 1588 740 1709 786; x_wconf 89' lang='lat' dir='ltr'>Nam</span> <span class='ocrx_word' id='word_1_63' title='bbox 1754 755 1860 786; x_wconf 90' lang='lat' dir='ltr'>cum</span> <span class='ocrx_word' id='word_1_64' title='bbox 1903 741 2039 799; x_wconf 84' lang='lat' dir='ltr'>legati</span> <span class='ocrx_word' id='word_1_65' title='bbox 2084 741 2131 787; x_wconf 91' lang='lat' dir='ltr'>in</span> 
     </span>
     <span class='ocr_line' id='line_1_9' title="bbox 310 818 2132 879; baseline -0.001 -14"><span class='ocrx_word' id='word_1_66' title='bbox 310 821 569 866; x_wconf 88' lang='lat' dir='ltr'>contionem</span> <span class='ocrx_word' id='word_1_67' title='bbox 612 820 941 879; x_wconf 86' lang='lat' dir='ltr'>processissent</span> <span class='ocrx_word' id='word_1_68' title='bbox 987 821 1032 865; x_wconf 88' lang='lat' dir='ltr'>et</span> <span class='ocrx_word' id='word_1_69' title='bbox 1076 819 1350 877; x_wconf 85' lang='lat' dir='ltr'>interrogati</span> <span class='ocrx_word' id='word_1_70' title='bbox 1398 818 1445 864; x_wconf 89' lang='lat' dir='ltr'>id</span> <span class='ocrx_word' id='word_1_71' title='bbox 1480 818 1599 878; x_wconf 88' lang='lat' dir='ltr'>quod</span> <span class='ocrx_word' id='word_1_72' title='bbox 1645 819 1693 863; x_wconf 91' lang='lat' dir='ltr'>in</span> <span class='ocrx_word' id='word_1_73' title='bbox 1728 820 1892 864; x_wconf 89' lang='lat' dir='ltr'>senatu</span> <span class='ocrx_word' id='word_1_74' title='bbox 1926 818 2132 864; x_wconf 85' lang='lat' dir='ltr'>dixerant</span> 
     </span>
     <span class='ocr_line' id='line_1_10' title="bbox 310 897 2131 957; baseline -0.001 -12"><span class='ocrx_word' id='word_1_75' title='bbox 310 902 544 957; x_wconf 90' lang='lat' dir='ltr'>negarent,</span> <span class='ocrx_word' id='word_1_76' title='bbox 580 899 695 944; x_wconf 90' lang='lat' dir='ltr'>nihil</span> <span class='ocrx_word' id='word_1_77' title='bbox 732 899 821 944; x_wconf 91' lang='lat' dir='ltr'>doli</span> <span class='ocrx_word' id='word_1_78' title='bbox 857 899 1043 944; x_wconf 85' lang='lat' dir='ltr'>subesse</span> <span class='ocrx_word' id='word_1_79' title='bbox 1080 899 1302 953; x_wconf 86' lang='lat' dir='ltr'>arbitrati,</span> <span class='ocrx_word' id='word_1_80' title='bbox 1340 898 1599 944; x_wconf 89' lang='lat' dir='ltr'>Alcibiades</span> <span class='ocrx_word' id='word_1_81' title='bbox 1636 897 1800 956; x_wconf 89' lang='lat' dir='ltr'>prodiit</span> <span class='ocrx_word' id='word_1_82' title='bbox 1833 899 1879 943; x_wconf 88' lang='lat' dir='ltr'>et</span> <span class='ocrx_word' id='word_1_83' title='bbox 1913 897 2131 944; x_wconf 86' lang='lat' dir='ltr'>acerrime</span> 
     </span>
     <span class='ocr_line' id='line_1_11' title="bbox 309 975 2131 1037; baseline -0.001 -14"><span class='ocrx_word' id='word_1_84' title='bbox 309 977 549 1037; x_wconf 85' lang='lat' dir='ltr'>perfidiam</span> <span class='ocrx_word' id='word_1_85' title='bbox 594 991 751 1023; x_wconf 90' lang='lat' dir='ltr'>eorum</span> <span class='ocrx_word' id='word_1_86' title='bbox 797 977 1035 1022; x_wconf 84' lang='lat' dir='ltr'>incusavit.</span> <span class='ocrx_word' id='word_1_87' title='bbox 1105 977 1404 1022; x_wconf 86' lang='lat' dir='ltr'>Athenienses</span> <span class='ocrx_word' id='word_1_88' title='bbox 1453 979 1609 1021; x_wconf 89' lang='lat' dir='ltr'>autem</span> <span class='ocrx_word' id='word_1_89' title='bbox 1655 978 1787 1021; x_wconf 88' lang='lat' dir='ltr'>tanta</span> <span class='ocrx_word' id='word_1_90' title='bbox 1821 975 2131 1034; x_wconf 88' lang='lat' dir='ltr'>indignatione</span> 
     </span>
     <span class='ocr_line' id='line_1_12' title="bbox 311 1054 2130 1114; baseline 0 -14"><span class='ocrx_word' id='word_1_91' title='bbox 311 1059 601 1108; x_wconf 81' lang='lat' dir='ltr'>exarserunt,</span> <span class='ocrx_word' id='word_1_92' title='bbox 650 1059 702 1100; x_wconf 91' lang='lat' dir='ltr'>ut</span> <span class='ocrx_word' id='word_1_93' title='bbox 739 1056 896 1100; x_wconf 85' lang='lat' dir='ltr'>statim</span> <span class='ocrx_word' id='word_1_94' title='bbox 941 1070 1046 1100; x_wconf 90' lang='lat' dir='ltr'>cum</span> <span class='ocrx_word' id='word_1_95' title='bbox 1089 1056 1265 1112; x_wconf 89' lang='lat' dir='ltr'>Argivis</span> <span class='ocrx_word' id='word_1_96' title='bbox 1311 1070 1557 1114; x_wconf 87' lang='lat' dir='ltr'>eorumque</span> <span class='ocrx_word' id='word_1_97' title='bbox 1606 1055 1736 1100; x_wconf 85' lang='lat' dir='ltr'>sociis</span> <span class='ocrx_word' id='word_1_98' title='bbox 1771 1055 1929 1100; x_wconf 87' lang='lat' dir='ltr'>foedus</span> <span class='ocrx_word' id='word_1_99' title='bbox 1964 1054 2130 1101; x_wconf 87' lang='lat' dir='ltr'>facturi</span> 
     </span>
     <span class='ocr_line' id='line_1_13' title="bbox 311 1132 1565 1193; baseline -0.002 -14"><span class='ocrx_word' id='word_1_100' title='bbox 311 1134 503 1188; x_wconf 86' lang='lat' dir='ltr'>fuerint,</span> <span class='ocrx_word' id='word_1_101' title='bbox 541 1134 628 1178; x_wconf 90' lang='lat' dir='ltr'>nisi</span> <span class='ocrx_word' id='word_1_102' title='bbox 663 1136 810 1179; x_wconf 89' lang='lat' dir='ltr'>terrae</span> <span class='ocrx_word' id='word_1_103' title='bbox 846 1135 975 1178; x_wconf 90' lang='lat' dir='ltr'>motu</span> <span class='ocrx_word' id='word_1_104' title='bbox 1011 1132 1156 1178; x_wconf 91' lang='lat' dir='ltr'>contio</span> <span class='ocrx_word' id='word_1_105' title='bbox 1199 1133 1340 1177; x_wconf 85' lang='lat' dir='ltr'>dilata</span> <span class='ocrx_word' id='word_1_106' title='bbox 1377 1135 1496 1178; x_wconf 88' lang='lat' dir='ltr'>esset</span> <span class='ocrx_word' id='word_1_107' title='bbox 1515 1135 1565 1193; x_wconf 91' lang='grc'>1).</span> 
     </span>
    </p>
   </div>
   <div class='ocr_carea' id='block_1_2' title="bbox 308 1250 2137 2405">
    <p class='ocr_par' dir='ltr' id='par_1_3' title="bbox 308 1250 2137 2405">
     <span class='ocr_line' id='line_1_14' title="bbox 442 1250 2133 1304; baseline 0.001 -9"><span class='ocrx_word' id='word_1_108' title='bbox 442 1251 595 1296; x_wconf 86' lang='lat' dir='ltr'>Nihilo</span> <span class='ocrx_word' id='word_1_109' title='bbox 631 1253 789 1296; x_wconf 89' lang='lat' dir='ltr'>tamen</span> <span class='ocrx_word' id='word_1_110' title='bbox 826 1251 967 1295; x_wconf 91' lang='lat' dir='ltr'>setius</span> <span class='ocrx_word' id='word_1_111' title='bbox 1003 1250 1180 1304; x_wconf 78' lang='lat' dir='ltr'>Nicias,</span> <span class='ocrx_word' id='word_1_112' title='bbox 1233 1264 1340 1295; x_wconf 89' lang='lat' dir='ltr'>cum</span> <span class='ocrx_word' id='word_1_113' title='bbox 1376 1250 1516 1295; x_wconf 89' lang='lat' dir='ltr'>etiam</span> <span class='ocrx_word' id='word_1_114' title='bbox 1559 1252 1660 1295; x_wconf 91' lang='lat' dir='ltr'>tum</span> <span class='ocrx_word' id='word_1_115' title='bbox 1706 1250 1957 1296; x_wconf 85' lang='lat' dir='ltr'>amicitiam</span> <span class='ocrx_word' id='word_1_116' title='bbox 1994 1251 2133 1297; x_wconf 89' lang='lat' dir='ltr'>Lace-</span> 
     </span>
     <span class='ocr_line' id='line_1_15' title="bbox 311 1328 2131 1387; baseline 0 -13"><span class='ocrx_word' id='word_1_117' title='bbox 311 1329 652 1374; x_wconf 87' lang='lat' dir='ltr'>daemoniorum</span> <span class='ocrx_word' id='word_1_118' title='bbox 688 1328 853 1373; x_wconf 87' lang='lat' dir='ltr'>foederi</span> <span class='ocrx_word' id='word_1_119' title='bbox 889 1328 1162 1386; x_wconf 86' lang='lat' dir='ltr'>Argivorum</span> <span class='ocrx_word' id='word_1_120' title='bbox 1193 1328 1558 1386; x_wconf 85' lang='lat' dir='ltr'>praeponendam</span> <span class='ocrx_word' id='word_1_121' title='bbox 1594 1331 1810 1382; x_wconf 87' lang='lat' dir='ltr'>censeret,</span> <span class='ocrx_word' id='word_1_122' title='bbox 1846 1331 2022 1387; x_wconf 87' lang='lat' dir='ltr'>postero</span> <span class='ocrx_word' id='word_1_123' title='bbox 2059 1328 2131 1374; x_wconf 91' lang='lat' dir='ltr'>die</span> 
     </span>
     <span class='ocr_line' id='line_1_16' title="bbox 310 1406 2127 1465; baseline 0 -13"><span class='ocrx_word' id='word_1_124' title='bbox 310 1407 483 1452; x_wconf 81' lang='lat' dir='ltr'>civibus</span> <span class='ocrx_word' id='word_1_125' title='bbox 521 1406 614 1452; x_wconf 90' lang='lat' dir='ltr'>suis</span> <span class='ocrx_word' id='word_1_126' title='bbox 650 1406 890 1465; x_wconf 88' lang='lat' dir='ltr'>persuasit,</span> <span class='ocrx_word' id='word_1_127' title='bbox 928 1419 983 1451; x_wconf 88' lang='lat' dir='ltr'>ne</span> <span class='ocrx_word' id='word_1_128' title='bbox 1018 1406 1141 1465; x_wconf 89' lang='lat' dir='ltr'>prius</span> <span class='ocrx_word' id='word_1_129' title='bbox 1168 1420 1275 1451; x_wconf 91' lang='lat' dir='ltr'>cum</span> <span class='ocrx_word' id='word_1_130' title='bbox 1299 1406 1477 1464; x_wconf 83' lang='lat' dir='ltr'>Argivis</span> <span class='ocrx_word' id='word_1_131' title='bbox 1513 1408 1700 1464; x_wconf 84' lang='lat' dir='ltr'>agerent</span> <span class='ocrx_word' id='word_1_132' title='bbox 1730 1420 1870 1465; x_wconf 90' lang='lat' dir='ltr'>quam</span> <span class='ocrx_word' id='word_1_133' title='bbox 1904 1407 2127 1464; x_wconf 86' lang='lat' dir='ltr'>legatione</span> 
     </span>
     <span class='ocr_line' id='line_1_17' title="bbox 309 1484 2132 1545; baseline 0 -14"><span class='ocrx_word' id='word_1_134' title='bbox 309 1486 452 1532; x_wconf 89' lang='lat' dir='ltr'>missa</span> <span class='ocrx_word' id='word_1_135' title='bbox 488 1485 653 1544; x_wconf 87' lang='lat' dir='ltr'>experti</span> <span class='ocrx_word' id='word_1_136' title='bbox 691 1486 857 1539; x_wconf 90' lang='lat' dir='ltr'>essent,</span> <span class='ocrx_word' id='word_1_137' title='bbox 895 1484 1004 1544; x_wconf 88' lang='lat' dir='ltr'>quid</span> <span class='ocrx_word' id='word_1_138' title='bbox 1040 1484 1388 1530; x_wconf 87' lang='lat' dir='ltr'>Lacedaemonii</span> <span class='ocrx_word' id='word_1_139' title='bbox 1422 1487 1578 1530; x_wconf 90' lang='lat' dir='ltr'>mente</span> <span class='ocrx_word' id='word_1_140' title='bbox 1614 1485 1858 1545; x_wconf 86' lang='lat' dir='ltr'>agitarent,</span> <span class='ocrx_word' id='word_1_141' title='bbox 1893 1488 2051 1530; x_wconf 89' lang='lat' dir='ltr'>utrum</span> <span class='ocrx_word' id='word_1_142' title='bbox 2086 1486 2132 1531; x_wconf 91' lang='lat' dir='ltr'>et</span> 
     </span>
     <span class='ocr_line' id='line_1_18' title="bbox 310 1563 2131 1623; baseline 0.001 -15"><span class='ocrx_word' id='word_1_143' title='bbox 310 1565 619 1623; x_wconf 89' lang='lat' dir='ltr'>Amphipolim</span> <span class='ocrx_word' id='word_1_144' title='bbox 667 1566 712 1608; x_wconf 90' lang='lat' dir='ltr'>et</span> <span class='ocrx_word' id='word_1_145' title='bbox 762 1563 1018 1608; x_wconf 89' lang='lat' dir='ltr'>Panactum</span> <span class='ocrx_word' id='word_1_146' title='bbox 1067 1563 1301 1620; x_wconf 90' lang='lat' dir='ltr'>integrum</span> <span class='ocrx_word' id='word_1_147' title='bbox 1352 1563 1615 1617; x_wconf 86' lang='lat' dir='ltr'>restituere,</span> <span class='ocrx_word' id='word_1_148' title='bbox 1658 1564 1929 1608; x_wconf 88' lang='lat' dir='ltr'>Boeotorum</span> <span class='ocrx_word' id='word_1_149' title='bbox 1975 1566 2131 1610; x_wconf 89' lang='lat' dir='ltr'>autem</span> 
     </span>
     <span class='ocr_line' id='line_1_19' title="bbox 313 1641 2129 1701; baseline -0.001 -13"><span class='ocrx_word' id='word_1_150' title='bbox 313 1643 578 1688; x_wconf 82' lang='lat' dir='ltr'>societatem</span> <span class='ocrx_word' id='word_1_151' title='bbox 613 1641 822 1686; x_wconf 89' lang='lat' dir='ltr'>dirimere</span> <span class='ocrx_word' id='word_1_152' title='bbox 870 1643 1008 1700; x_wconf 90' lang='lat' dir='ltr'>atque</span> <span class='ocrx_word' id='word_1_153' title='bbox 1042 1655 1203 1700; x_wconf 89' lang='lat' dir='ltr'>pacem</span> <span class='ocrx_word' id='word_1_154' title='bbox 1240 1655 1417 1686; x_wconf 88' lang='lat' dir='ltr'>servare</span> <span class='ocrx_word' id='word_1_155' title='bbox 1468 1642 1631 1687; x_wconf 85' lang='lat' dir='ltr'>vellent</span> <span class='ocrx_word' id='word_1_156' title='bbox 1665 1655 1819 1687; x_wconf 88' lang='lat' dir='ltr'>necne.</span> <span class='ocrx_word' id='word_1_157' title='bbox 1889 1641 1991 1701; x_wconf 90' lang='lat' dir='ltr'>Ipse</span> <span class='ocrx_word' id='word_1_158' title='bbox 2027 1656 2129 1687; x_wconf 83' lang='lat' dir='ltr'>vero</span> 
     </span>
     <span class='ocr_line' id='line_1_20' title="bbox 309 1718 2134 1780; baseline -0.001 -15"><span class='ocrx_word' id='word_1_159' title='bbox 309 1721 517 1780; x_wconf 86' lang='lat' dir='ltr'>princeps</span> <span class='ocrx_word' id='word_1_160' title='bbox 562 1720 659 1765; x_wconf 89' lang='lat' dir='ltr'>eius</span> <span class='ocrx_word' id='word_1_161' title='bbox 704 1719 943 1777; x_wconf 86' lang='lat' dir='ltr'>legationis</span> <span class='ocrx_word' id='word_1_162' title='bbox 991 1718 1206 1778; x_wconf 87' lang='lat' dir='ltr'>Spartam</span> <span class='ocrx_word' id='word_1_163' title='bbox 1252 1719 1480 1778; x_wconf 87' lang='lat' dir='ltr'>profectus</span> <span class='ocrx_word' id='word_1_164' title='bbox 1525 1719 1638 1764; x_wconf 91' lang='lat' dir='ltr'>nihil</span> <span class='ocrx_word' id='word_1_165' title='bbox 1683 1719 1900 1778; x_wconf 87' lang='lat' dir='ltr'>profecit,</span> <span class='ocrx_word' id='word_1_166' title='bbox 1952 1734 2058 1765; x_wconf 91' lang='lat' dir='ltr'>cum</span> <span class='ocrx_word' id='word_1_167' title='bbox 2101 1720 2134 1764; x_wconf 92' lang='lat' dir='ltr'>ii</span> 
     </span>
     <span class='ocr_line' id='line_1_21' title="bbox 310 1798 2134 1857; baseline 0.001 -14"><span class='ocrx_word' id='word_1_168' title='bbox 310 1800 413 1857; x_wconf 90' lang='lat' dir='ltr'>plus</span> <span class='ocrx_word' id='word_1_169' title='bbox 457 1800 661 1844; x_wconf 84' lang='lat' dir='ltr'>valerent</span> <span class='ocrx_word' id='word_1_170' title='bbox 707 1798 784 1856; x_wconf 87' lang='lat' dir='ltr'>qui</span> <span class='ocrx_word' id='word_1_171' title='bbox 831 1812 857 1842; x_wconf 90' lang='lat' dir='ltr'>a</span> <span class='ocrx_word' id='word_1_172' title='bbox 893 1798 1139 1843; x_wconf 89' lang='lat' dir='ltr'>Boetorum</span> <span class='ocrx_word' id='word_1_173' title='bbox 1188 1800 1315 1855; x_wconf 89' lang='lat' dir='ltr'>parte</span> <span class='ocrx_word' id='word_1_174' title='bbox 1369 1798 1554 1843; x_wconf 87' lang='lat' dir='ltr'>stabant</span> <span class='ocrx_word' id='word_1_175' title='bbox 1605 1798 1867 1856; x_wconf 89' lang='lat' dir='ltr'>bellumque</span> <span class='ocrx_word' id='word_1_176' title='bbox 1918 1812 2134 1844; x_wconf 88' lang='lat' dir='ltr'>renovare</span> 
     </span>
     <span class='ocr_line' id='line_1_22' title="bbox 313 1875 2136 1934; baseline -0.001 -12"><span class='ocrx_word' id='word_1_177' title='bbox 313 1876 617 1929; x_wconf 59' lang='lat' dir='ltr'>studebam„</span> <span class='ocrx_word' id='word_1_178' title='bbox 640 1878 797 1921; x_wconf 87' lang='lat' dir='ltr'>tamen</span> <span class='ocrx_word' id='word_1_179' title='bbox 842 1875 1034 1921; x_wconf 84' lang='lat' dir='ltr'>foederis</span> <span class='ocrx_word' id='word_1_180' title='bbox 1080 1875 1205 1920; x_wconf 81' lang='lat' dir='ltr'>brevi</span> <span class='ocrx_word' id='word_1_181' title='bbox 1256 1878 1358 1934; x_wconf 90' lang='lat' dir='ltr'>post</span> <span class='ocrx_word' id='word_1_182' title='bbox 1403 1875 1643 1920; x_wconf 87' lang='lat' dir='ltr'>Nicianam</span> <span class='ocrx_word' id='word_1_183' title='bbox 1688 1889 1849 1934; x_wconf 85' lang='lat' dir='ltr'>pacem</span> <span class='ocrx_word' id='word_1_184' title='bbox 1894 1876 1952 1921; x_wconf 90' lang='lat' dir='ltr'>ab</span> <span class='ocrx_word' id='word_1_185' title='bbox 1994 1877 2136 1921; x_wconf 91' lang='lat' dir='ltr'>Athe-</span> 
     </span>
     <span class='ocr_line' id='line_1_23' title="bbox 312 1954 2137 2013; baseline 0 -13"><span class='ocrx_word' id='word_1_186' title='bbox 312 1955 548 2001; x_wconf 88' lang='lat' dir='ltr'>niensibus</span> <span class='ocrx_word' id='word_1_187' title='bbox 594 1957 640 2000; x_wconf 93' lang='lat' dir='ltr'>et</span> <span class='ocrx_word' id='word_1_188' title='bbox 674 1954 1047 2000; x_wconf 89' lang='lat' dir='ltr'>Lacedaemoniis</span> <span class='ocrx_word' id='word_1_189' title='bbox 1094 1954 1194 1999; x_wconf 90' lang='lat' dir='ltr'>initi</span> <span class='ocrx_word' id='word_1_190' title='bbox 1245 1955 1316 1999; x_wconf 91' lang='lat' dir='ltr'>ius</span> <span class='ocrx_word' id='word_1_191' title='bbox 1353 1954 1599 1999; x_wconf 87' lang='lat' dir='ltr'>iurandum</span> <span class='ocrx_word' id='word_1_192' title='bbox 1633 1954 1728 2013; x_wconf 91' lang='lat' dir='ltr'>ipso</span> <span class='ocrx_word' id='word_1_193' title='bbox 1773 1956 1961 2012; x_wconf 88' lang='lat' dir='ltr'>rogante</span> <span class='ocrx_word' id='word_1_194' title='bbox 2005 1969 2137 2000; x_wconf 91' lang='lat' dir='ltr'>reno-</span> 
     </span>
     <span class='ocr_line' id='line_1_24' title="bbox 308 2032 2131 2093; baseline 0 -15"><span class='ocrx_word' id='word_1_195' title='bbox 308 2036 467 2079; x_wconf 88' lang='lat' dir='ltr'>vatum</span> <span class='ocrx_word' id='word_1_196' title='bbox 505 2036 595 2087; x_wconf 88' lang='lat' dir='ltr'>est,</span> <span class='ocrx_word' id='word_1_197' title='bbox 631 2033 674 2078; x_wconf 89' lang='lat' dir='ltr'>id</span> <span class='ocrx_word' id='word_1_198' title='bbox 713 2032 833 2091; x_wconf 87' lang='lat' dir='ltr'>quod</span> <span class='ocrx_word' id='word_1_199' title='bbox 876 2046 928 2078; x_wconf 85' lang='lat' dir='ltr'>ex</span> <span class='ocrx_word' id='word_1_200' title='bbox 954 2032 1269 2091; x_wconf 87' lang='lat' dir='ltr'>sponsionibus</span> <span class='ocrx_word' id='word_1_201' title='bbox 1306 2033 1548 2091; x_wconf 89' lang='lat' dir='ltr'>quotannis</span> <span class='ocrx_word' id='word_1_202' title='bbox 1583 2032 1682 2078; x_wconf 91' lang='lat' dir='ltr'>fieri</span> <span class='ocrx_word' id='word_1_203' title='bbox 1705 2032 1900 2078; x_wconf 86' lang='lat' dir='ltr'>debebat</span> <span class='ocrx_word' id='word_1_204' title='bbox 1917 2033 1970 2093; x_wconf 80' lang='grc'>2).</span> <span class='ocrx_word' id='word_1_205' title='bbox 2033 2033 2131 2090; x_wconf 81' lang='lat' dir='ltr'>Quo</span> 
     </span>
     <span class='ocr_line' id='line_1_25' title="bbox 310 2110 2137 2165; baseline 0 -9"><span class='ocrx_word' id='word_1_206' title='bbox 310 2111 443 2156; x_wconf 91' lang='lat' dir='ltr'>modo</span> <span class='ocrx_word' id='word_1_207' title='bbox 479 2125 586 2156; x_wconf 91' lang='lat' dir='ltr'>cum</span> <span class='ocrx_word' id='word_1_208' title='bbox 619 2111 774 2156; x_wconf 87' lang='lat' dir='ltr'>Nicias</span> <span class='ocrx_word' id='word_1_209' title='bbox 802 2110 982 2155; x_wconf 87' lang='lat' dir='ltr'>infectis</span> <span class='ocrx_word' id='word_1_210' title='bbox 1018 2111 1153 2155; x_wconf 88' lang='lat' dir='ltr'>rebus</span> <span class='ocrx_word' id='word_1_211' title='bbox 1188 2111 1391 2165; x_wconf 86' lang='lat' dir='ltr'>redisset,</span> <span class='ocrx_word' id='word_1_212' title='bbox 1420 2111 1721 2157; x_wconf 87' lang='lat' dir='ltr'>Athenienses</span> <span class='ocrx_word' id='word_1_213' title='bbox 1758 2111 1816 2156; x_wconf 89' lang='lat' dir='ltr'>ab</span> <span class='ocrx_word' id='word_1_214' title='bbox 1841 2125 1890 2156; x_wconf 89' lang='lat' dir='ltr'>eo</span> <span class='ocrx_word' id='word_1_215' title='bbox 1927 2125 1973 2156; x_wconf 91' lang='lat' dir='ltr'>se</span> <span class='ocrx_word' id='word_1_216' title='bbox 2009 2124 2137 2157; x_wconf 85' lang='lat' dir='ltr'>aver-</span> 
     </span>
     <span class='ocr_line' id='line_1_26' title="bbox 313 2189 2135 2248; baseline 0 -14"><span class='ocrx_word' id='word_1_217' title='bbox 313 2191 470 2235; x_wconf 91' lang='lat' dir='ltr'>terunt</span> <span class='ocrx_word' id='word_1_218' title='bbox 505 2192 550 2235; x_wconf 92' lang='lat' dir='ltr'>et</span> <span class='ocrx_word' id='word_1_219' title='bbox 584 2189 870 2235; x_wconf 89' lang='lat' dir='ltr'>Alcibiadem</span> <span class='ocrx_word' id='word_1_220' title='bbox 906 2190 1073 2243; x_wconf 90' lang='lat' dir='ltr'>secuti,</span> <span class='ocrx_word' id='word_1_221' title='bbox 1110 2203 1253 2247; x_wconf 85' lang='lat' dir='ltr'>quem</span> <span class='ocrx_word' id='word_1_222' title='bbox 1289 2189 1372 2234; x_wconf 90' lang='lat' dir='ltr'>hoc</span> <span class='ocrx_word' id='word_1_223' title='bbox 1409 2190 1504 2248; x_wconf 91' lang='lat' dir='ltr'>ipso</span> <span class='ocrx_word' id='word_1_224' title='bbox 1540 2191 1741 2248; x_wconf 87' lang='lat' dir='ltr'>tempore</span> <span class='ocrx_word' id='word_1_225' title='bbox 1777 2192 2035 2235; x_wconf 91' lang='lat' dir='ltr'>curatorem</span> <span class='ocrx_word' id='word_1_226' title='bbox 2069 2190 2135 2235; x_wconf 89' lang='lat' dir='ltr'>rei</span> 
     </span>
     <span class='ocr_line' id='line_1_27' title="bbox 312 2260 2135 2329; baseline 0.001 -17"><span class='ocrx_word' id='word_1_227' title='bbox 312 2268 524 2313; x_wconf 88' lang='lat' dir='ltr'>militaris</span> <span class='ocrx_word' id='word_1_228' title='bbox 562 2260 857 2329; x_wconf 69' lang='grc' dir='ltr'>(στρατηγόν)</span> <span class='ocrx_word' id='word_1_229' title='bbox 896 2269 1177 2318; x_wconf 83' lang='lat' dir='ltr'>creaverunt,</span> <span class='ocrx_word' id='word_1_230' title='bbox 1223 2267 1380 2313; x_wconf 90' lang='lat' dir='ltr'>foedus</span> <span class='ocrx_word' id='word_1_231' title='bbox 1425 2281 1531 2312; x_wconf 88' lang='lat' dir='ltr'>cum</span> <span class='ocrx_word' id='word_1_232' title='bbox 1567 2268 1841 2325; x_wconf 86' lang='lat' dir='ltr'>Argivorum</span> <span class='ocrx_word' id='word_1_233' title='bbox 1876 2267 2135 2313; x_wconf 89' lang='lat' dir='ltr'>Mantinen-</span> 
     </span>
     <span class='ocr_line' id='line_1_28' title="bbox 315 2345 2056 2405; baseline 0 -14"><span class='ocrx_word' id='word_1_234' title='bbox 315 2346 435 2391; x_wconf 90' lang='lat' dir='ltr'>sium</span> <span class='ocrx_word' id='word_1_235' title='bbox 470 2346 684 2391; x_wconf 85' lang='lat' dir='ltr'>Eleorum</span> <span class='ocrx_word' id='word_1_236' title='bbox 720 2346 882 2403; x_wconf 90' lang='lat' dir='ltr'>legatis</span> <span class='ocrx_word' id='word_1_237' title='bbox 920 2345 1062 2391; x_wconf 88' lang='lat' dir='ltr'>etiam</span> <span class='ocrx_word' id='word_1_238' title='bbox 1098 2348 1199 2390; x_wconf 91' lang='lat' dir='ltr'>tum</span> <span class='ocrx_word' id='word_1_239' title='bbox 1235 2346 1428 2392; x_wconf 89' lang='lat' dir='ltr'>Athenis</span> <span class='ocrx_word' id='word_1_240' title='bbox 1463 2346 1748 2391; x_wconf 89' lang='lat' dir='ltr'>morantibus</span> <span class='ocrx_word' id='word_1_241' title='bbox 1785 2345 1990 2392; x_wconf 89' lang='lat' dir='ltr'>fecerunt</span> <span class='ocrx_word' id='word_1_242' title='bbox 2003 2346 2056 2405; x_wconf 83' lang='lat'>3).</span> 
     </span>
    </p>
   </div>
   <div class='ocr_carea' id='block_1_3' title="bbox 308 2461 2136 2756">
    <p class='ocr_par' dir='ltr' id='par_1_4' title="bbox 308 2461 2136 2756">
     <span class='ocr_line' id='line_1_29' title="bbox 446 2461 2136 2522; baseline 0.001 -15"><span class='ocrx_word' id='word_1_243' title='bbox 446 2461 543 2519; x_wconf 78' lang='lat' dir='ltr'>Quo</span> <span class='ocrx_word' id='word_1_244' title='bbox 578 2464 778 2522; x_wconf 86' lang='lat' dir='ltr'>tempore</span> <span class='ocrx_word' id='word_1_245' title='bbox 816 2463 898 2508; x_wconf 91' lang='lat' dir='ltr'>hoc</span> <span class='ocrx_word' id='word_1_246' title='bbox 922 2462 1078 2508; x_wconf 83' lang='lat' dir='ltr'>foedus</span> <span class='ocrx_word' id='word_1_247' title='bbox 1114 2462 1291 2507; x_wconf 88' lang='lat' dir='ltr'>factum</span> <span class='ocrx_word' id='word_1_248' title='bbox 1328 2463 1387 2508; x_wconf 88' lang='lat' dir='ltr'>sit</span> <span class='ocrx_word' id='word_1_249' title='bbox 1422 2464 1544 2508; x_wconf 88' lang='lat' dir='ltr'>certo</span> <span class='ocrx_word' id='word_1_250' title='bbox 1579 2462 1756 2508; x_wconf 90' lang='lat' dir='ltr'>definiri</span> <span class='ocrx_word' id='word_1_251' title='bbox 1787 2464 1948 2520; x_wconf 90' lang='lat' dir='ltr'>potest</span> <span class='ocrx_word' id='word_1_252' title='bbox 2010 2463 2136 2508; x_wconf 90' lang='lat' dir='ltr'>Alte-</span> 
     </span>
     <span class='ocr_line' id='line_1_30' title="bbox 314 2540 2131 2600; baseline 0.001 -15"><span class='ocrx_word' id='word_1_253' title='bbox 314 2555 413 2585; x_wconf 75' lang='lat' dir='ltr'>rim</span> <span class='ocrx_word' id='word_1_254' title='bbox 450 2542 572 2586; x_wconf 90' lang='lat' dir='ltr'>enim</span> <span class='ocrx_word' id='word_1_255' title='bbox 608 2541 671 2586; x_wconf 89' lang='lat' dir='ltr'>de</span> <span class='ocrx_word' id='word_1_256' title='bbox 699 2555 788 2600; x_wconf 90' lang='lat' dir='ltr'>qua</span> <span class='ocrx_word' id='word_1_257' title='bbox 824 2555 962 2600; x_wconf 90' lang='lat' dir='ltr'>supra</span> <span class='ocrx_word' id='word_1_258' title='bbox 997 2541 1194 2586; x_wconf 86' lang='lat' dir='ltr'>diximus</span> <span class='ocrx_word' id='word_1_259' title='bbox 1230 2541 1504 2598; x_wconf 83' lang='lat' dir='ltr'>Argivorum</span> <span class='ocrx_word' id='word_1_260' title='bbox 1539 2541 1812 2598; x_wconf 87' lang='lat' dir='ltr'>legationem</span> <span class='ocrx_word' id='word_1_261' title='bbox 1843 2540 2131 2599; x_wconf 85' lang='lat' dir='ltr'>Thucydides</span> 
     </span>
     <span class='ocr_line' id='line_1_31' title="bbox 309 2609 2132 2682; baseline 0.001 -18"><span class='ocrx_word' id='word_1_262' title='bbox 309 2618 506 2679; x_wconf 83' lang='lat' dir='ltr'>prodidit</span> <span class='ocrx_word' id='word_1_263' title='bbox 535 2610 661 2679; x_wconf 73' lang='lat' dir='ltr'>„oc&#39;uct</span> <span class='ocrx_word' id='word_1_264' title='bbox 704 2637 771 2664; x_wconf 70' lang='grc' dir='ltr'>τι)</span> <span class='ocrx_word' id='word_1_265' title='bbox 795 2615 873 2682; x_wconf 70' lang='grc' dir='ltr'>ἦρι</span> <span class='ocrx_word' id='word_1_266' title='bbox 905 2609 1050 2674; x_wconf 61' lang='lat'>38:323</span> <span class='ocrx_word' id='word_1_267' title='bbox 1083 2616 1168 2664; x_wconf 61' lang='lat' dir='ltr'>voi</span> <span class='ocrx_word' id='word_1_268' title='bbox 1200 2616 1284 2663; x_wconf 74' lang='grc' dir='ltr'>ἐπι</span> <span class='ocrx_word' id='word_1_269' title='bbox 1292 2616 1567 2680; x_wconf 58' lang='grc' dir='ltr'>ς’νιγιομένου</span> <span class='ocrx_word' id='word_1_270' title='bbox 1591 2616 1793 2679; x_wconf 58' lang='grc' dir='ltr'><strong><em>θέρουας</em></strong></span> <span class='ocrx_word' id='word_1_271' title='bbox 1830 2619 1857 2665; x_wconf 91' lang='lat' dir='ltr'>i.</span> <span class='ocrx_word' id='word_1_272' title='bbox 1884 2633 1921 2665; x_wconf 87' lang='lat' dir='ltr'>e.</span> <span class='ocrx_word' id='word_1_273' title='bbox 1946 2619 2132 2666; x_wconf 77' lang='lat' dir='ltr'>ineunt-e</span> 
     </span>
     <span class='ocr_line' id='line_1_32' title="bbox 308 2696 2132 2756; baseline 0.001 -14"><span class='ocrx_word' id='word_1_274' title='bbox 308 2697 400 2743; x_wconf 86' lang='lat' dir='ltr'>fere</span> <span class='ocrx_word' id='word_1_275' title='bbox 436 2711 591 2742; x_wconf 85' lang='lat' dir='ltr'>mense</span> <span class='ocrx_word' id='word_1_276' title='bbox 617 2697 964 2756; x_wconf 87' lang='lat' dir='ltr'>Elaphebolione</span> <span class='ocrx_word' id='word_1_277' title='bbox 999 2698 1071 2743; x_wconf 85' lang='lat' dir='ltr'>vel</span> <span class='ocrx_word' id='word_1_278' title='bbox 1094 2698 1253 2756; x_wconf 88' lang='lat' dir='ltr'>paucis</span> <span class='ocrx_word' id='word_1_279' title='bbox 1290 2697 1449 2742; x_wconf 89' lang='lat' dir='ltr'>diebus</span> <span class='ocrx_word' id='word_1_280' title='bbox 1486 2700 1591 2743; x_wconf 90' lang='lat' dir='ltr'>ante</span> <span class='ocrx_word' id='word_1_281' title='bbox 1620 2696 1810 2756; x_wconf 87' lang='lat' dir='ltr'>Spartae</span> <span class='ocrx_word' id='word_1_282' title='bbox 1837 2697 1891 2743; x_wconf 86' lang='lat' dir='ltr'>de</span> <span class='ocrx_word' id='word_1_283' title='bbox 1916 2698 2132 2744; x_wconf 87' lang='lat' dir='ltr'>societate</span> 
     </span>
    </p>
   </div>
   <div class='ocr_carea' id='block_1_4' title="bbox 441 2954 1327 3159">
    <p class='ocr_par' dir='ltr' id='par_1_5' title="bbox 441 2954 1327 3159">
     <span class='ocr_line' id='line_1_33' title="bbox 442 2954 1298 3001; baseline -0.004 -9"><span class='ocrx_word' id='word_1_284' title='bbox 442 2955 470 3001; x_wconf 86' lang='lat'>¹)</span> <span class='ocrx_word' id='word_1_285' title='bbox 501 2954 558 2992; x_wconf 84' lang='lat' dir='ltr'>Cf.</span> <span class='ocrx_word' id='word_1_286' title='bbox 588 2954 680 2992; x_wconf 87' lang='lat' dir='ltr'>ibid.</span> <span class='ocrx_word' id='word_1_287' title='bbox 710 2954 747 2989; x_wconf 87' lang='lat' dir='ltr'><strong>V</strong></span> <span class='ocrx_word' id='word_1_288' title='bbox 775 2955 837 2992; x_wconf 76' lang='lat'>45.</span> <span class='ocrx_word' id='word_1_289' title='bbox 884 2955 989 2993; x_wconf 82' lang='lat' dir='ltr'>Plut.</span> <span class='ocrx_word' id='word_1_290' title='bbox 1021 2955 1105 2993; x_wconf 91' lang='lat' dir='ltr'>Alc.</span> <span class='ocrx_word' id='word_1_291' title='bbox 1136 2967 1167 2993; x_wconf 88' lang='lat' dir='ltr'>c.</span> <span class='ocrx_word' id='word_1_292' title='bbox 1198 2954 1298 2992; x_wconf 85' lang='lat' dir='ltr'>XIV</span> 
     </span>
     <span class='ocr_line' id='line_1_34' title="bbox 442 3032 933 3081; baseline 0.002 -11"><span class='ocrx_word' id='word_1_293' title='bbox 442 3033 471 3081; x_wconf 69' lang='lat'>⁵2)</span> <span class='ocrx_word' id='word_1_294' title='bbox 504 3032 558 3071; x_wconf 84' lang='lat' dir='ltr'>Cf.</span> <span class='ocrx_word' id='word_1_295' title='bbox 590 3032 711 3070; x_wconf 86' lang='lat' dir='ltr'>Thuc.</span> <span class='ocrx_word' id='word_1_296' title='bbox 741 3032 778 3068; x_wconf 82' lang='lat' dir='ltr'><strong>V</strong></span> <span class='ocrx_word' id='word_1_297' title='bbox 809 3032 868 3080; x_wconf 80' lang='lat'>18,</span> <span class='ocrx_word' id='word_1_298' title='bbox 898 3033 933 3071; x_wconf 76' lang='lat'>9.</span> 
     </span>
     <span class='ocr_line' id='line_1_35' title="bbox 441 3110 1327 3159; baseline -0.001 -9"><span class='ocrx_word' id='word_1_299' title='bbox 441 3113 469 3159; x_wconf 74' lang='lat'>3)</span> <span class='ocrx_word' id='word_1_300' title='bbox 502 3112 558 3151; x_wconf 82' lang='lat' dir='ltr'>Cf.</span> <span class='ocrx_word' id='word_1_301' title='bbox 589 3111 709 3150; x_wconf 83' lang='lat' dir='ltr'>Thuc.</span> <span class='ocrx_word' id='word_1_302' title='bbox 740 3110 777 3147; x_wconf 85' lang='lat' dir='ltr'>V</span> <span class='ocrx_word' id='word_1_303' title='bbox 805 3111 868 3149; x_wconf 71' lang='lat'>46.</span> <span class='ocrx_word' id='word_1_304' title='bbox 924 3110 1028 3149; x_wconf 87' lang='lat' dir='ltr'>Plut.</span> <span class='ocrx_word' id='word_1_305' title='bbox 1060 3110 1143 3148; x_wconf 82' lang='lat' dir='ltr'>Alc.</span> <span class='ocrx_word' id='word_1_306' title='bbox 1174 3123 1206 3149; x_wconf 87' lang='lat' dir='ltr'>o.</span> <span class='ocrx_word' id='word_1_307' title='bbox 1236 3110 1327 3149; x_wconf 80' lang='lat' dir='ltr'>XV.</span> 
     </span>
    </p>
   </div>
  </div>
 </body>
</html>
