2281 3492
1090 111 1144 155 11

278 280 283 285 ’
336 264 509 311 Eadem
553 265 714 312 deinde
759 268 917 326 poetae
963 268 1010 312 in
1055 266 1294 313 Thebanos
1339 267 1406 312 ira
1458 267 1742 325 cognoscitur
1785 267 1834 312 in
1880 266 2020 313 cadu-

204 344 395 389 ceatoris
438 343 643 390 Thebani
690 359 893 404 persona.
977 345 1269 403 Quamquam
1304 346 1427 391 enim
1472 345 1813 390 concedendum
1857 348 1927 390 est
1967 346 2015 390 in

206 421 306 467 aliis
330 435 507 481 quoque
536 421 701 469 fabulis
728 423 840 469 illud
869 423 1106 469 hominum
1138 437 1280 482 genus
1309 424 1367 469 ab
1396 423 1608 482 Euripide
1633 423 2012 469 insectationibus

205 500 375 561 petil),
430 502 587 547 tamen
636 501 685 547 in
734 502 821 559 hac
872 501 1106 560 tragoedia
1156 502 1427 548 caduceator
1469 502 1542 547 ille
1586 504 1684 547 tam
1729 504 2014 561 contemptus

206 581 253 624 et
286 579 489 624 abiectus
529 580 784 634 inducitur,
837 582 890 625 ut
936 581 1058 625 hunc
1093 581 1322 625 hominem
1368 581 1683 638 vaniloquum,
1729 580 2014 633 insolentem,

205 657 454 712 rusticum,
510 657 762 704 cavillando
817 660 998 716 poetam
1061 672 1217 704 omncs
1271 658 1507 704 Thebanos
1562 658 1766 704 cavillari
1822 659 2015 704 voluisse

165 734 168 737 ’
205 734 449 780 verisimile
485 735 544 780 sit
561 736 611 794 2).
692 735 854 792 Itaque
899 749 1006 780 cum
1050 737 1260 780 omnibus
1295 737 1366 780 his
1410 737 1520 781 locis
1566 739 1663 781 tam
1709 736 1927 781 infestum
1968 737 2015 781 in

206 811 446 857 Thebanos
483 826 530 858 se
564 813 774 858 ostendat
797 812 1048 871 Euripides,
1085 817 1130 859 et
1163 814 1326 859 horum
1360 815 1470 859 vitia
1504 828 1689 859 suorum
1725 815 1893 859 civium
1928 814 2017 858 vir-

205 888 382 933 tutibus
427 889 481 933 de
526 889 752 934 industria
798 893 1006 947 opponat,
1049 891 1240 934 dubium
1283 905 1380 935 esse
1427 905 1515 935 non
1550 893 1719 949 potest,
1763 892 1872 948 quin
1908 904 2015 935 cum

206 965 412 1013 fabulam
447 967 749 1014 conscriberet
783 968 1084 1015 Athenienses
1119 969 1218 1015 odio
1258 969 1304 1015 in
1338 968 1577 1015 Thebanos
1612 969 1886 1016 inflammati
1920 968 2016 1016 fue-

204 1044 297 1089 rint
331 1058 577 1104 eorumque
612 1045 659 1090 in
693 1045 794 1091 illos
829 1046 945 1091 iram
981 1047 1318 1093 contumeliosis
1354 1048 1540 1093 vocibus
1574 1051 1705 1107 poeta
1741 1047 1944 1093 effundat
1961 1049 2013 1107 3).

209 1122 465 1180 Singularis
502 1126 657 1169 autem
692 1124 779 1169 odii
813 1124 909 1170 fieri
944 1139 1034 1170 non
1069 1128 1217 1184 potest
1261 1127 1372 1184 quin
1408 1127 1654 1184 singularis
1690 1126 1824 1172 fuerit
1860 1140 2013 1172 causa.

209 1199 402 1257 Qualem
438 1215 525 1259 quo
554 1203 756 1260 tempore
791 1202 1033 1248 habuerint
1055 1204 1356 1249 Athenienses
1393 1205 1430 1248 si
1464 1205 1750 1261 indagamus,
1789 1205 1901 1250 bene
1937 1205 2015 1249 ad-

204 1278 417 1324 iuvamur
460 1278 580 1325 mira
621 1280 916 1327 similitudine
964 1296 1079 1340 quae
1132 1282 1314 1328 fabulae
1367 1285 1635 1340 argumento
1688 1286 1757 1329 est
1810 1298 1916 1329 cum
1967 1298 2014 1329 re

207 1356 409 1415 quadam
443 1358 588 1416 priore
623 1358 730 1403 belli
765 1358 1139 1417 Peloponnesiaci
1183 1363 1383 1419 tempore
1418 1360 1552 1407 facta.
1622 1361 1743 1406 Nam
1776 1361 2013 1407 Thebanos

204 1435 327 1481 idem
374 1436 534 1490 scelus,
581 1436 700 1495 quod
742 1437 788 1482 in
832 1437 988 1483 fabula
1033 1438 1086 1484 iis
1124 1439 1429 1497 exprobratur,
1465 1453 1583 1485 anno
1620 1441 1715 1485 424
1751 1454 1789 1486 a.
1829 1439 1930 1486 Chr.
1968 1455 2013 1485 n.

206 1513 253 1559 in
294 1513 413 1573 ipsos
448 1514 748 1561 Athenienses
783 1517 988 1575 patrasse
1022 1516 1286 1577 reperimus.
1374 1516 1437 1564 Eo
1474 1518 1595 1564 enim
1638 1532 1775 1577 quem
1816 1518 2012 1564 diximus

211 1606 332 1637 anno
368 1593 675 1639 Athenienses
702 1594 758 1638 ad
795 1595 1000 1649 Delium,
1037 1595 1195 1641 fanum
1230 1597 1448 1655 Apollinis
1483 1598 1528 1641 in
1564 1598 1750 1642 Boeotia
1785 1612 1919 1656 prope
1955 1598 2012 1642 ab

208 1670 388 1716 Atticae
411 1670 579 1717 finibus
616 1672 769 1726 situm,
806 1673 924 1731 quod
959 1674 1092 1732 paulo
1128 1677 1233 1720 ante
1258 1675 1565 1729 muniverant,
1601 1690 1627 1720 a
1656 1675 1881 1722 Thebanis
1917 1678 2014 1722 tam

206 1747 379 1806 ingenti
414 1748 540 1795 clade
575 1750 787 1809 prostrati
824 1753 945 1804 sunt,
980 1754 1033 1796 ut
1067 1752 1192 1804 mille
1232 1748 1523 1798 fere'milites
1558 1753 1932 1809 interficerentur,
1969 1755 2016 1800 in

205 1826 260 1871 iis
308 1827 606 1885 Hippocrates
652 1828 959 1888 imperator4),
1008 1832 1144 1887 atque
1190 1831 1300 1876 adeo
1335 1831 1457 1875 haud
1493 1832 1625 1888 pauci
1670 1832 1911 1885 timerent,
1960 1848 2017 1878 ne

207 1902 365 1950 Boeoti
398 1904 446 1950 in
481 1905 629 1964 ipsam
663 1905 863 1952 Atticam
898 1906 1202 1967 irrumperent
1217 1909 1268 1968 5).
1328 1909 1531 1954 Accessit
1565 1911 1616 1955 ut
1651 1910 1841 1956 victores
1873 1911 2015 1957 victos

341 2111 367 2161 ¹)
397 2110 454 2150 Ut
470 2111 512 2150 in
530 2111 749 2151 Heraclidis
770 2111 980 2151 Troadibus
1002 2111 1148 2153 Oresta.
1192 2113 1246 2153 Cf.
1269 2113 1449 2155 Schenkl.
1479 2115 1504 2155 l.
1535 2129 1566 2155 c.
1589 2129 1675 2166 pag.
1698 2117 1748 2155 45
1760 2129 1842 2167 sqq.
1887 2116 2016 2156 Schol.

205 2175 329 2215 Orest.
358 2177 436 2215 895
464 2190 524 2226 ap.
554 2178 705 2217 NaUOk.
728 2178 820 2217 Eur.
850 2179 924 2217 fab.
944 2179 1004 2216 ΠῙ
1024 2179 1095 2228 fl'g.
1120 2180 1239 2218 lOOl:
1281 2185 1346 2217 καὶ
1376 2185 1418 2217 ἐν
1447 2178 1575 2221 ἄλλοις
1602 2178 1702 2218 κατὰ
1732 2183 1814 2219 τῶν
1839 2182 2018 2232 κηρύκων

205 2239 308 2292 λέγει
336 2236 397 2278 ὅτι

603 2303 692 2354 „ael
716 2322 794 2345 ποτ
837 2311 922 2345 ἐστὶ
952 2313 1109 2359 σπέρμα
1138 2308 1317 2360 κηρίκων
1344 2319 1390 2347 lc
1395 2321 1473 2349 1οι

336 2371 366 2421 2)
395 2371 450 2410 Cf.
493 2373 646 2420 praeter
687 2374 905 2422 arrogantia
944 2374 1068 2422 ipsius
1109 2376 1310 2423 praeconis
1351 2377 1471 2415 v·e1ba
1512 2390 1548 2415 v.
1594 2378 1670 2416 409
1700 2390 1783 2427 sqq.
1826 2379 1903 2417 46)
1933 2391 2017 2461 sqq

204 2435 281 2475 568
310 2448 406 2486 sqq„
436 2448 482 2475 ea
510 2437 652 2487 qujbus
679 2437 852 2476 Theseus
879 2438 992 2477 illum
1021 2439 1249 2489 compellat:

360 2515 399 2541 V.
428 2495 518 2542 426.
573 2501 724 2554 κομψός
749 2518 774 2554 γ
815 2519 835 2540 o
862 2503 985 2553 κῆρῑξ
1009 2509 1076 2541 καὶ
1106 2505 1357 2558 παρεργάτης
1383 2505 1520 2559 λόγωι.

362 2580 401 2606 V.
429 2567 507 2606 458
537 2580 620 2618 sqq.
675 2567 822 2605 κλαίων
849 2584 873 2621 y
915 2567 965 2606 (ἲν
993 2568 1125 2617 ἦλθες,
1158 2572 1199 2608 εί
1221 2586 1265 2608 σε
1292 2567 1346 2621 μὴ
1371 2568 1548 2623 ’πε-ηψπ
1575 2571 1696 2622 ffel-&t

676 2630 851 2685 περισσὰ
880 2635 1025 2686 φωνῶι
1054 2666 1254 2674 ......

754 2730 760 2737 .
792 2730 799 2737 .
829 2696 876 2738 τὸ
903 2697 1043 2739 λοιπὸν
1070 2697 1162 2742 δεῖς
1191 2698 1289 2752 ἐιιὴι
1316 2701 1433 2741 πόλιν
1463 2708 1604 2753 Κρέων

675 2762 803 2811 ἧσσον
830 2763 952 2803 λάλον
981 2780 1052 2803 σου
1079 2772 1271 2816 πεμπέτω
1297 2767 1374 2804 τιν’
1405 2764 1580 2819 ἄγγελον.

334 2827 363 2878 3)
393 2827 450 2867 Cf.
479 2828 601 2868 Zastr.
629 2828 654 2868 l.
685 2841 717 2869 c.
747 2842 833 2881 pag.
855 2831 891 2870 6.
947 2830 1086 2883 Bergk.
1125 2832 1227 2872 Hist.
1266 2832 1337 2873 litt.
1375 2833 1400 2873 1.
1440 2846 1471 2872 c.
1502 2846 1588 2885 pag.
1620 2835 1696 2874 533
1716 2847 1773 2886 sq.
1827 2836 2015 2877 Zirndorf.

198 2892 225 2932 l.
255 2906 288 2933 c.
317 2906 403 2944 pag.
426 2894 477 2933 50
491 2906 548 2943 sq.
598 2895 710 2933 Idem
738 2896 914 2934 concedit
940 2897 1024 2945 ipse
1053 2897 1249 2947 Hauptius
1276 2898 1302 2937 l.
1332 2911 1365 2937 c.
1395 2899 1432 2937 ΙΙ
1461 2912 1547 2950 pag.
1580 2902 1640 2950 10,
1671 2902 1738 2951 qui
1767 2903 1814 2940 de
1842 2905 2016 2952 tempore

199 2959 311 2997 actae
338 2958 494 2998 fabulae
523 2959 737 3009 quidquam
765 2960 854 2998 inde
883 2961 1064 2999 concludi
1090 2974 1203 3011 posse
1230 2965 1358 3013 negat.

330 3024 362 3073 4)
391 3024 447 3063 Cf.
475 3025 596 3064 Thuc.
625 3025 684 3063 IV
711 3025 762 3064 90
789 3037 871 3074 sqq.
904 3026 991 3064 101.

332 3089 363 3138 ⁵)
393 3088 450 3128 Cf.
479 3089 660 3139 Xenoph.
689 3089 851 3129 Memor.
879 3090 942 3129 ΠΙ
970 3092 1006 3140 5,
1026 3092 1062 3130 4.
