2281 3492
1149 100 1209 145 37

416 268 564 325 Atque
598 265 643 310 in
667 264 851 310 Adrasti
885 261 1085 308 oratione
1118 272 1159 302 v.
1188 254 1457 306 163-192,
1492 253 1621 298 cuius
1654 263 1871 307 magnam
1904 248 2084 306 partem

282 346 343 392 ad
382 358 454 391 res
494 344 698 404 publicas
734 344 935 402 spectare
969 338 1184 390 vidimus,
1220 348 1260 379 v.
1295 347 1334 378 v.
1374 332 1479 377 177.
1518 330 1609 375 178
1646 330 1876 387 suspectos
1911 325 2084 371 habent

285 424 480 471 Bothius
503 422 777 469 Ribbeckius
794 421 828 481 1)
879 414 1187 465 Gebhardtius
1204 412 1254 473 2),
1290 425 1330 456 v.
1362 408 1615 456 176—179
1640 404 2014 452 Wilamowitzius
2030 402 2083 461 3),

282 518 325 550 v.
365 502 637 550 180—183
671 496 1019 557 Hartungus4)‚
1069 508 1110 540 v.
1149 489 1443 544 176-183,
1482 486 1749 533 190-192
1786 482 2016 530 Nauckius
2032 481 2084 540 5).

285 585 437 631 totum
472 582 662 642 denique
696 581 847 626 locum
880 591 920 623 v.
957 571 1233 621 176-192
1272 567 1325 616 G.
1360 566 1618 614 Dindorfius
1632 566 1681 626 6).
1747 563 1904 623 Neque
1938 560 2084 619 magis

286 676 342 709 ea
394 675 509 721 quae
559 660 759 705 Theseus
815 653 1056 714 respondet
1099 650 1206 696 viris
1264 648 1405 713 doctis
1461 646 1648 705 probata
1700 646 1817 689 sunt.
1903 640 2085 686 Etenim

285 757 327 789 v.
365 756 403 788 v.
442 741 547 787 199.
585 739 678 785 200
729 737 778 783 in
829 732 1132 793 suspicionem
1182 727 1454 774 vocaverunt
1496 723 1727 770 Nauckius
1779 723 1823 768 et
1859 718 2087 767 Schmidt-

287 821 360 866 ius
378 820 430 879 7),
464 833 505 864 v.
542 815 799 863 205-210
835 809 1111 858 Ribbeckius
1128 807 1182 868 8),
1216 821 1257 851 v.
1283 805 1378 850 214
1411 816 1554 862 usque
1589 801 1646 846 ad
1679 813 1835 845 vocem
1868 790 2086 858 τοιαύτην

288 898 462 945 Mekler
476 897 540 957 9):
600 894 772 940 scilicet
826 903 982 936 omnes
1032 886 1188 934 eadem
1235 884 1288 929 de
1341 895 1503 935 causa,
1556 879 1675 939 quod
1723 878 1836 923 miro
1881 875 2012 921 modo
2056 875 2088 919 ii

289 990 450 1024 versus
485 974 746 1032 langueant.
815 970 875 1014 At
918 968 1039 1014 recte
1086 962 1392 1011 Gebhardtius
1437 958 1777 1011 animadvertit,
1827 969 1916 1001 non
1955 953 2087 999 modo

290 1071 369 1103 eos
403 1067 575 1107 versus,
612 1051 691 1098 sed
726 1051 872 1096 totam
896 1046 1143 1094 orationem
1172 1056 1316 1102 usque
1351 1040 1409 1087 ad
1441 1054 1481 1086 v.
1508 1038 1601 1085 216
1635 1037 1860 1095 languere,
1895 1047 1984 1094 qua
2017 1046 2088 1079 res

289 1147 320 1179 a
354 1131 575 1178 dramatis
622 1129 800 1175 actione
835 1139 1017 1186 prorsus
1053 1124 1227 1169 alienae
1261 1120 1402 1166 nimia
1435 1118 1708 1177 loquacitate
1742 1117 1993 1160 tractentur
2012 1113 2086 1171 1⁰).

293 1207 667 1256 Wilamowitzius
700 1220 742 1251 v.
779 1205 871 1250 222
891 1203 1056 1248 -228
1091 1203 1192 1261 post
1226 1214 1265 1245 v.
1304 1197 1396 1243 245
1442 1194 1697 1248 transtulit,
1742 1192 1820 1238 ubi
1852 1190 2090 1236 manifesto

294 1290 421 1335 hiare
457 1286 730 1334 sententiam
764 1282 960 1342 dicitu).
1030 1279 1175 1338 Quem
1209 1276 1439 1335 redarguit
1472 1273 1588 1321 Rud.
1635 1270 1838 1318 Prinzius
1856 1269 1937 1330 ¹2),
1974 1267 2091 1327 quod

292 1382 345 1414 eo
390 1367 485 1412 loco
532 1365 671 1411 etiam
713 1363 866 1408 minus
913 1359 1135 1419 quadrent
1177 1370 1316 1416 quam
1360 1368 1445 1414 quo
1502 1352 1675 1399 codices
1723 1363 1796 1395 eos
1840 1347 2090 1394 exhibeant.

295 1445 350 1493 V.
387 1442 642 1490 238-245
679 1440 870 1500 denique
907 1439 1138 1498 suspectos
1172 1433 1367 1481 reddidit
1400 1432 1457 1478 Κ.
1495 1430 1630 1489 813).

429 1569 518 1616 Sed
560 1569 608 1614 in
652 1566 859 1613 omnibus
902 1564 991 1609 illis
1034 1563 1144 1608 locis
1187 1561 1340 1607 minus
1375 1557 1588 1611 offendet,
1637 1555 1715 1614 qui
1759 1553 2032 1599 sententiam
2068 1564 2095 1595 a

293 1650 427 1697 nobis
463 1648 751 1707 explanatam
795 1645 978 1690 secutus
1021 1643 1202 1702 poetam
1246 1639 1513 1684 immutasse
1557 1635 1749 1694 priorem
1794 1631 1974 1677 fabulae
2008 1628 2096 1675 for-

294 1742 445 1782 mam,
492 1726 606 1772 alios
641 1738 798 1770 versus
841 1735 995 1768 rerum
1039 1719 1325 1779 publicarum
1360 1728 1519 1768 causa,
1563 1713 1697 1766 alios,
1740 1713 1794 1756 ut
1826 1710 1897 1755 illi
1929 1708 2094 1754 melius

296 1821 406 1854 cum
438 1805 614 1864 reliqua
636 1802 790 1849 fabula
814 1799 1250 1859 coagmentarentur,
1284 1793 1527 1840 inseruisse
1550 1790 1761 1851 posuerit.
1830 1787 1952 1833 Nam
1987 1799 2093 1831 cum

297 1888 347 1931 in
381 1883 606 1930 mutanda
648 1881 802 1927 fabula
841 1880 993 1924 minus
1037 1877 1236 1935 tragicae
1270 1874 1383 1920 artis
1428 1886 1567 1931 quam
1611 1883 1765 1916 rerum
1809 1866 2098 1926 publicarum

299 1964 523 2010 rationem
556 1961 757 2014 haberet,
794 1956 958 2006 accidit
990 1957 1044 2001 ut
1076 1954 1162 2001 loci
1196 1952 1338 1999 additi
1370 1952 1418 1996 in
1451 1949 1593 2010 ipsius
1616 1946 1873 2006 tragoediae
1910 1957 2096 1990 sensum

299 2056 391 2089 non
426 2040 536 2088 satis
573 2038 858 2099 quadrarent.
911 2032 1222 2094 Interpolatori
1256 2033 1411 2077 autem
1445 2028 1583 2075 tribui
1616 2040 1705 2073 non
1728 2026 1930 2086 possunt.
1979 2021 2101 2080 Quid

437 2279 449 2300 1

495 2275 549 2314 Cf.
578 2274 680 2312 Mus.
709 2272 833 2311 Rhen.
861 2269 1007 2310 XXX[
1033 2281 1119 2319 pag.
1141 2267 1229 2307 624.

496 2340 551 2379 Cf.
580 2339 639 2377 De
667 2337 836 2387 Supplic.
866 2335 997 2384 Eurip.
1026 2334 1163 2382 interp.
1193 2344 1279 2382 pag.
1310 2331 1370 2370 13.

495 2405 552 2444 Cf.
579 2405 604 2442 l.
635 2416 666 2442 c.
695 2415 782 2452 pag.
810 2402 873 2440 86.

496 2470 553 2509 Cf.
581 2469 673 2507 Eur.
703 2466 836 2516 Suppl.
866 2465 925 2504 ed.
953 2463 1063 2502 Hart.
1118 2462 1225 2511 Lips.
1256 2461 1357 2500 1853
1385 2460 1472 2499 adn.
1501 2459 1550 2498 ad
1576 2471 1614 2497 v.
1646 2456 1731 2496 180.

496 2536 552 2575 Cf.
581 2535 672 2573 Eur.
702 2531 835 2581 Suppl.
864 2542 914 2568 ex
939 2541 1016 2568 rec.
1045 2530 1145 2577 Aug.
1174 2526 1326 2565 Nauck.
1381 2525 1486 2574 Lips.
1518 2523 1630 2562 1873.

436 2343 451 2365 2

498 2601 554 2641 Cf.
581 2600 675 2639 Eur.
702 2601 798 2648 trag.
828 2609 878 2635 ex
903 2607 980 2634 rec.
1010 2593 1054 2633 G.
1082 2592 1254 2631 Dindorf.
1310 2591 1414 2641 Lips.
1447 2590 1558 2630 1869.

498 2667 553 2706 Cf.
583 2666 686 2704 Mus.
714 2663 837 2702 Rhen.
865 2659 1009 2700 XXIII
1034 2671 1119 2709 pag.
1148 2658 1238 2696 440.

495 2732 551 2771 Cf.
580 2731 682 2769 Mus.
711 2729 836 2767 Rhen.
864 2725 1009 2766 XXXI
1034 2736 1120 2774 pag.
1150 2723 1238 2763 622.

438 2801 464 2849 9]
487 2796 553 2836 Cf.
585 2795 706 2834 Gebh.
734 2794 760 2833 l.
790 2805 823 2832 6.
851 2804 936 2842 pag.
967 2791 1027 2829 13.

421 2867 455 2888 ¹⁰
498 2862 555 2901 Cf.
582 2861 674 2899 ibid.
703 2872 788 2909 pag.
821 2859 881 2896 14.

499 2927 554 2968 Cf.
582 2926 609 2967 l.
638 2938 670 2966 6.
699 2936 785 2975 pag.
814 2922 877 2963 89.

421 2997 462 3021 ¹²*
499 2995 553 3033 Cf.
582 2994 666 3032 Jen.
695 2992 787 3029 Litt.
818 2990 856 3028 Z.
888 2988 986 3027 1877
1015 2987 1084 3026 Nr.
1115 2985 1203 3025 387.

418 3063 452 3086 13
496 3059 552 3099 Cf.
581 3055 722 3097 Philol.
752 3056 849 3094 Anz.
877 3053 935 3092 VI
963 3052 1051 3092 392.

435 2276 468 2835 dadsssssvv

456 2865 469 2912 NJ

422 2932 454 2954 11

453 2929 469 3113 vN-aev
