2281 3492
1166 86 1227 131 42

295 248 336 293 A
368 247 515 307 prima
549 245 744 306 pueritia
780 245 951 291 bonum
986 244 1132 290 civem
1175 243 1241 289 ita
1283 241 1480 288 excolere
1514 241 1718 286 mentem
1752 240 1798 285 et
1832 250 2016 297 coerS,
2061 237 2119 282 ut

298 325 541 385 aliquando
584 325 759 385 patriae
800 323 1014 384 prodesse
1048 323 1192 383 possit
1207 322 1256 382 1).
1323 319 1429 366 Pari
1462 318 1595 364 modo
1631 319 1788 364 autem
1822 318 1958 376 atque
1994 315 2116 361 cives

297 406 440 452 etiam
494 404 752 464 peregrinos
804 404 917 449 bene
975 417 1137 462 cupere
1191 399 1423 447 communi
1478 397 1617 444 saluti
1672 398 1897 457 oportere3
1959 395 2115 454 itaque

299 484 471 530 nemini
518 483 735 529 molestos
779 485 861 528 aut
903 481 1145 527 invidiosos
1192 494 1315 534 esse,
1361 490 1598 537 nunquam
1632 475 1780 522 verbis
1823 474 2025 533 litigare,
2071 473 2118 518 id

301 563 423 622 quod
458 565 503 609 et
548 562 809 622 peregrinos
855 563 900 608 et
946 561 1066 606 cives
1111 559 1251 605 faciat
1293 556 1611 603 intolerabiles.
1697 554 1899 600 Periculo
1944 552 2119 612 patriae

300 641 569 687 imminente
605 641 799 686 libenter
833 639 892 685 ad
932 639 1107 685 bellum
1141 636 1389 698 proficisci,
1435 636 1480 682 et
1513 633 1699 680 victoria
1732 634 1864 692 parta
1903 630 2118 688 gaudere,

300 734 435 780 aegre
470 719 584 766 ferre
621 727 857 779 acceptam
893 716 1099 764 cladem“
1121 718 1171 778 2).

435 839 568 885 Tales
603 839 744 897 igitur
779 837 898 883 cives
935 850 1033 882 esse
1057 836 1248 889 debent;
1284 848 1442 880 verum
1478 832 1617 879 etiam
1640 830 1745 876 duci
1774 829 1930 876 eode'm
1965 828 2119 874 animo

304 919 540 964 moderato
577 921 715 976 atque
751 917 1032 962 considerato
1068 930 1180 974 opus
1216 917 1296 960 est.
1356 912 1495 958 Cuius
1532 924 1764 957 summam
1792 908 2008 954 virtutem
2041 921 2120 966 po-

308 998 448 1044 sitam
483 1011 582 1043 esse
619 996 824 1056 disputat
858 996 905 1041 in
936 994 1179 1055 prudentia
1215 995 1260 1040 et
1292 993 1406 1038 bono
1442 990 1641 1044 consilio,
1677 1001 1872 1048 quarum
1894 986 2120 1032 virtutum

309 1078 517 1135 expertes
552 1075 647 1121 iam
683 1075 818 1119 multi
853 1074 990 1119 duces
1014 1073 1241 1132 perierint.
1296 1071 1455 1129 Itaque
1488 1069 1690 1114 Theseus
1716 1067 1908 1112 Adrasto
1933 1064 2043 1110 dicit
2058 1065 2122 1123 3):

627 1183 854 1253 εὗψυχίαν
890 1187 1130 1244 ἔσπευσας
1163 1178 1263 1234 ἄντ’
1298 1178 1556 1247 εὔβουλίας,

627 1260 653 1316 ὃ
689 1264 745 1333 δή
782 1286 832 1331 γε
867 1261 1076 1323 πολλοὺς
1111 1257 1256 1313 ὤλεσε
1291 1258 1627 1328 στρατηλάτας.

441 1391 501 1437 Et
537 1391 745 1437 similiter
778 1402 937 1449 praeco
955 1390 1015 1449 4):

946 1497 1182 1568 σφαλερὸν
1214 1519 1399 1566 ηγεμων
1433 1493 1618 1563 θρασὺς

629 1602 744 1641 ιεως
777 1601 828 1630 τε
862 1599 1043 1647 ναυτης·
1080 1597 1252 1645 ησυχος
1285 1578 1436 1643 καιρῶ
1472 1573 1638 1642 σοφός.

628 1663 710 1710 καὶ
745 1656 885 1709 τοῖτὸ
918 1679 995 1708 τοι
1029 1652 1285 1722 τάνδρεῖον,
1321 1651 1349 1722 ἡ
1385 1655 1658 1721 προμηθία.

450 1797 615 1842 Melius
663 1799 818 1841 autem
869 1808 1009 1853 quam
1054 1792 1201 1838 verbis
1245 1792 1340 1850 ipso
1393 1790 1553 1835 Thesei
1598 1788 1822 1846 exemplo,
1866 1800 1952 1845 quo
1996 1785 2131 1830 modo

314 1876 406 1922 dux
450 1876 809 1934 circumspectus
844 1887 942 1918 rem
987 1873 1174 1930 gereret,
1210 1872 1342 1929 poeta
1379 1868 1529 1914 docuit
1543 1869 1595 1927 5),
1663 1866 1743 1911 Ille
1779 1865 1901 1911 enim
1935 1877 2026 1909 non
2061 1865 2129 1909 te—

313 1969 439 2002 mere
473 1954 650 2001 bellum
691 1952 901 2013 capessit,
938 1950 1014 1998 sed
1050 1952 1295 2010 postquam
1329 1960 1519 1994 causam
1553 1946 1725 1992 iustam
1749 1957 1846 1991 esse
1872 1941 2077 2001 cognovit
2091 1942 2129 2003 6)

316 2036 363 2079 et
396 2048 494 2079 rem
528 2046 608 2092 per
629 2032 828 2090 gratiam
864 2043 1129 2088 componere
1163 2028 1335 2073 frustra
1366 2029 1555 2071 conatus
1581 2027 1650 2070 est
1665 2025 1724 2082 7);
1761 2023 1870 2081 quin
1907 2022 2003 2067 acie
2035 2021 2130 2065 iam

316 2113 542 2157 instructa
577 2112 746 2156 iterum
783 2122 952 2167 aequas
985 2107 1268 2153 condiciones
1303 2105 1511 2150 hostibus
1547 2102 1675 2149 offert
1689 2103 1740 2161 8).
1799 2100 1919 2146 Tum
1942 2099 2131 2145 deorum

318 2189 482 2236 auxilio
516 2189 755 2248 implorato
796 2187 843 2232 in
887 2186 1112 2245 proelium
1151 2182 1457 2243 progreditur,
1501 2181 1551 2227 in
1584 2179 1891 2240 pugnantium
1924 2177 2134 2223 tumultu

317 2281 561 2325 nunquam
595 2267 750 2311 animo
786 2265 1108 2315 conturbatus,
1154 2265 1199 2307 et
1244 2262 1339 2320 ipse
1381 2261 1558 2305 vincere
1603 2258 1750 2304 sciens
1785 2259 1831 2303 et
1865 2255 2137 2302 cedentibus

455 2484 482 2532 1)
513 2481 570 2521 Cf.
600 2480 735 2530 Suppl.
764 2493 803 2519 V.
831 2479 906 2519 861
930 2490 1015 2528 sqq.

453 2549 482 2595 2)
514 2548 568 2585 Cf.
598 2548 690 2585 ibid.
721 2560 758 2584 v.
788 2545 866 2583 888
895 2556 978 2593 sqq.

454 2613 484 2662 3)
511 2612 609 2651 Ibid.
639 2625 677 2651 v.
709 2612 782 2650 161
815 2622 871 2660 sq.

452 2680 482 2726 4)
511 2679 609 2716 Ibid.
639 2691 677 2716 v,
709 2677 785 2715 508
814 2688 899 2724 sqq.

453 2744 483 2793 ⁵)
513 2743 568 2783 Cf.
599 2742 781 2782 Schenkl.
810 2741 836 2781 l.
867 2753 900 2780 c.
929 2752 1016 2790 pag.
1046 2738 1109 2778 54.

454 2810 485 2852 ὃ)
514 2810 571 2847 Cf.
600 2809 734 2857 Suppl.
763 2821 801 2846 v.
832 2807 909 2845 524
937 2818 1021 2854 sqq.
1052 2816 1150 2853 quos
1178 2815 1265 2850 sup.
1295 2803 1359 2840 cit.

459 2875 487 2926 ⁷)
516 2873 574 2914 Cf.
602 2873 692 2913 ibid.
722 2886 760 2911 v.
791 2872 867 2912 346
897 2883 980 2922 sqq.

955 2949 1035 2997 εἶμι
1062 2951 1128 2983 καὶ
1156 2942 1314 2995 νεκροὺς
1342 2943 1553 2992 ἐκλύσομαι

721 3014 873 3068 λόγοισι
901 3015 1080 3053 πείθων·
1111 3014 1146 3051 εἰ
1175 3010 1219 3051 δὲ
1246 3008 1312 3062 μή,
1341 3014 1412 3060 βίᾳ
1441 3006 1557 3060 δορός

426 3098 459 3149 8)
488 3098 545 3136 Cf.
575 3096 667 3134 ibid.
697 3109 735 3134 v.
766 3093 843 3133 668
871 3106 954 3142 sqq.
