2281 3492
1195 91 1256 136 28

319 243 509 302 reliquis
544 244 821 304 principibus
845 246 1039 304 Argivis,
1075 261 1188 306 quos
1223 247 1449 292 Adrastus
1486 248 1627 293 socios
1656 248 1909 302 arcessivit,
1946 248 2146 306 cogitare

319 322 550 367 sententia
601 323 827 382 prohibet,
881 324 1001 383 quod
1052 325 1085 370 ii
1129 324 1317 370 inferius
1373 326 1622 384 separatim
1668 328 1985 372 memorantur
2007 326 2057 387 1),
2101 327 2147 372 et

320 401 460 445 verba
505 401 560 446 de
603 402 897 448 matrimonio
944 403 1065 448 dicta
1108 403 1264 449 referri
1312 417 1399 449 non
1434 405 1626 462 possunt
1660 404 1749 449 nisi
1797 404 1854 449 ad
1889 418 1987 459 eos,
2031 417 2146 463 quos

321 478 633 534 matrimonio,
669 494 759 525 non
796 495 908 539 quos
943 480 1119 527 foedere
1153 481 1379 527 Adrastus
1416 481 1501 527 sibi
1537 481 1756 527 adiunxit.
1837 481 1927 528 Sed
1962 482 2146 546 etiamsi

321 557 518 602 dubium
553 560 688 612 esset,
732 561 890 604 utrum
926 559 979 605 de
1015 560 1192 617 generis
1228 559 1413 605 Adrasti
1449 573 1508 605 an
1545 559 1600 605 de
1641 559 1825 618 reliquis
1859 560 2140 619 principibus

321 635 503 692 Argivis
540 636 730 692 cogitari
764 639 1011 695 oporteret:
1048 637 1158 695 quid
1194 637 1312 695 quod
1347 637 1486 682 iidem
1522 637 1692 691 heroes,
1729 651 1923 695 quorum
1948 638 2141 683 societas

322 712 519 759 Adrasto
556 713 639 759 hoc
685 714 780 760 loco
828 714 1007 760 crimini
1040 717 1311 770 verteretur,
1357 715 1394 761 si
1428 714 1603 761 famam
1649 728 1944 774 sequeremur
1979 715 2034 762 de
2069 729 2146 774 ge-

320 792 446 837 neris
499 794 544 838 et
595 792 794 837 filiarum
845 794 1147 839 matrimoniis
1200 808 1282 839 nos
1320 794 1515 851 cogitare
1550 796 1799 849 vetantem,
1843 809 1884 840 v.
1921 795 2015 840 859
2045 808 2145 853 sqq.

321 869 382 914 ad
418 883 564 914 unum
599 884 756 916 omnes
794 872 988 917 summis
1029 871 1244 918 laudibus
1280 871 1564 917 efferuntur?
1634 871 1759 929 Quae
1796 885 1903 917 cum
1936 871 2002 917 ita
2038 872 2143 927 sint,

323 947 383 992 ad
418 948 562 1006 ipsius
598 951 756 1007 poetae
792 951 997 1008 tempora
1031 949 1164 994 illum
1198 950 1349 995 locum
1383 949 1670 995 referendum
1706 964 1805 996 esse
1841 950 2142 996 censebimus.

322 1027 390 1071 Ac
425 1030 547 1071 recte
578 1026 762 1084 quidem
800 1026 1072 1084 Hartungus
1109 1028 1297 1085 Argivos
1331 1028 1387 1073 iis
1422 1029 1566 1087 pungi
1601 1028 1805 1083 coniecit,
1842 1028 1963 1087 quod
1997 1028 2146 1088 prius-

324 1117 470 1162 quam
505 1104 804 1150 Athenienses
841 1104 1044 1150 adissent
1079 1119 1185 1150 cum
1221 1106 1384 1151 horum
1419 1106 1707 1161 adversariis,
1751 1105 1993 1153 Corinthiis
2029 1106 2146 1153 The-

320 1181 455 1226 banis
493 1180 742 1240 Spartanis,
780 1195 826 1227 se
861 1182 1049 1239 iungere
1085 1183 1235 1227 conati
1266 1185 1418 1228 essent
1437 1183 1488 1242 2).
1560 1182 1846 1242 Quantopere
1877 1197 1978 1229 vero
2002 1185 2146 1230 Athe-

321 1260 552 1305 niensium
584 1260 723 1305 animi
766 1261 854 1305 illis
885 1261 1160 1314 civitatibus,
1195 1261 1421 1319 imprimis
1455 1261 1711 1315 Thebanae,
1756 1262 1812 1307 ob
1848 1262 2142 1319 gravissimas

320 1350 489 1382 causas
526 1340 679 1382 essent
712 1336 875 1382 infensi
911 1337 988 1395 qui
1022 1338 1312 1396 reputaverit,
1360 1339 1523 1384 acerba
1557 1341 1716 1398 poetae
1751 1339 1889 1385 verba
1927 1335 2145 1400 ῃθολερῷ

318 1411 460 1471 δῶμα
506 1409 745 1472 συμμίξας
789 1406 1010 1476 ἥλκωσας
1057 1409 1268 1471 οἷ’κουςίι,
1320 1408 1549 1476 ,ῥεύματα
1592 1406 1782 1472 Zoana&
1837 1430 1980 1475 eaque
2028 1430 2143 1476 quae

320 1495 600 1551 sequuntur,
655 1492 763 1538 deos
800 1493 1033 1538 fortunam
1080 1507 1372 1540 communem
1414 1495 1689 1540 arbitrantes
1732 1495 1873 1540 bonos
1908 1509 2001 1540 una
2036 1509 2142 1540 cum

319 1571 456 1616 malis
502 1571 700 1630 perdere,
751 1571 967 1618 facillime
1012 1572 1402 1631 interpretabitur.
1490 1573 1612 1619 Nam
1665 1575 1710 1619 et
1761 1574 1982 1628 civitates,
2026 1587 2141 1633 quas

317 1649 671 1703 nominavimus,
719 1651 870 1696 malas
920 1665 967 1696 se
1001 1651 1295 1697 ostenderant
1335 1654 1380 1697 et
1414 1652 1567 1710 Argivi
1601 1666 1761 1698 earum
1797 1653 2062 1711 contagione
2094 1666 2142 1699 10

314 1742 422 1773 vera
455 1728 501 1773 in
540 1742 747 1773 summas
781 1729 1017 1786 angustias
1054 1729 1238 1775 deducti
1274 1732 1406 1775 erant
1423 1731 1474 1789 3).

453 1832 652 1889 Quaeret
694 1832 886 1878 fortasse
933 1834 1185 1893 quispiam,
1240 1848 1346 1880 011111
1390 1835 1580 1894 probare
1632 1834 1903 1893 Argivorum
1949 1848 2141 1880 causam

317 1913 450 1968 poeta
496 1912 603 1956 velit
649 1925 814 1969 eosque
863 1912 964 1956 aliis
1007 1913 1115 1957 locis
1161 1913 1285 1957 velut
1328 1927 1369 1957 v.
1407 1913 1502 1956 250
1540 1927 1605 1970 sq.
1654 1913 1748 1957 253
1788 1927 1884 1970 sqq.
1922 1914 2016 1958 297
2043 1927 2140 1971 sqq,

316 1988 474 2047 utique
510 2002 725 2034 excusare
774 1988 971 2043 studeat,
1019 1989 1243 2049 quomodo
1290 1989 1389 2036 fieri
1435 1990 1591 2050 possit,
1638 1991 1692 2036 ut
1738 1989 1921 2036 eosdem
1965 1991 2010 2036 et
2057 1991 2142 2037 hoc

318 2067 414 2112 1000
450 2070 494 2112 et
528 2081 567 2112 v.
610 2068 701 2112 127
739 2082 804 2126 sq.
850 2070 946 2112 tam
982 2069 1184 2126 graviter
1225 2069 1448 2127 corripiat.
1530 2068 1619 2114 Sed
1664 2070 1985 2127 praeterquam
2021 2069 2141 2127 quod

317 2159 511 2190 causam
572 2144 761 2191 foederis
823 2146 881 2191 ab
933 2146 1111 2204 Argivis
1163 2147 1294 2205 petiti
1350 2147 1397 2192 in
1449 2148 1692 2206 utramque
1745 2148 1924 2206 partem
1975 2147 2071 2205 agit
2085 2147 2141 2208 4),

319 2223 461 2268 etiam
515 2223 759 2282 singularis
812 2224 1000 2282 cogitari
1051 2227 1200 2284 potest
1245 2238 1385 2270 causa
1437 2239 1518 2270 0111
1568 2225 1633 2270 ita
1674 2224 1841 2270 fecerit.
1928 2224 2140 2284 Namque

320 2302 533 2359 Argivos,
582 2303 660 2360 qui
706 2302 826 2360 quod
861 2303 1162 2349 Athenienses
1197 2303 1354 2349 foedus
1402 2318 1492 2349 non
1529 2303 1688 2349 statim
1723 2306 2014 2362 acceperunt,
2061 2303 2142 2349 sed

319 2379 589 2439 priusquam
624 2380 792 2426 inirent
827 2379 958 2425 Nicia
994 2382 1178 2427 auctore
1213 2395 1320 2427 cum
1352 2380 1590 2441 Spartanis
1625 2381 1672 2426 in
1707 2380 1961 2427 amicitiam
1995 2379 2142 2427 redire

321 2458 583 2511 studebant,
621 2462 758 2517 atque
795 2459 907 2504 adeo
943 2460 1114 2517 legatos
1151 2460 1205 2505 de
1241 2461 1326 2505 hac
1359 2474 1407 2504 re
1444 2459 1658 2518 Spartam
1692 2460 1915 2505 miserant
1947 2459 2140 2505 fortasse

319 2548 456 2592 aegre
491 2535 707 2589 ferebant,
745 2537 1000 2582 amicitiam
1034 2537 1388 2582 Atheniensium
1436 2538 1699 2595 appetentes
1736 2536 1791 2582 de
1825 2536 1913 2582 fide
1958 2538 2004 2582 et
2038 2550 2142 2582 con-

317 2613 494 2658 stantia
530 2614 682 2672 aliquo
717 2614 849 2660 modo
886 2617 1120 2674 suspectos
1157 2628 1254 2660 esse
1290 2616 1423 2674 poeta
1457 2628 1640 2660 monere
1688 2614 1737 2659 in
1782 2614 1933 2661 animo
1980 2614 2144 2660 habuit

457 2841 486 2886 ¹)
519 2840 575 2878 Cf.
606 2840 740 2889 Suppl.
771 2854 808 2879 v.
840 2841 916 2880 229
945 2853 1028 2890 sqq.

454 2919 484 2967 2)
516 2918 572 2956 Cf.
604 2918 713 2957 Hart.
743 2917 768 2957 1.
798 2931 830 2957 0.
860 2919 898 2956 11
927 2931 1013 2969 pag.
1044 2919 1107 2958 82.

451 2999 482 3045 3)
514 2996 570 3035 Cf.
603 3008 703 3045 quac
732 3008 851 3045 supra
879 2997 1165 3046 explicavimus
1194 3009 1280 3047 pag.
1313 2998 1360 3035 15
1390 3009 1473 3047 sqq.

450 3075 483 3125 4)
511 3075 601 3113 Vid.
632 3086 751 3123 supra
778 3086 876 3126 pag..
895 3074 959 3113 22.
