2281 3492
1227 100 1289 143 4ss

352 263 604 309 latissimas
653 260 708 307 de
753 261 925 321 optima
972 260 1035 306 rei
1079 258 1285 319 publicae
1326 256 1470 302 forma
1518 253 1575 300 ad
1619 253 1805 300 Periclis
1840 251 2063 298 rationem
2098 262 2174 295 ex-

355 355 516 402 pressa
551 340 897 400 disputationes,
933 338 1248 399 imprimisque
1283 334 1441 381 laudes
1477 346 1646 387 eorum,
1687 331 1765 390 qui
1798 330 1999 376 mediam
2034 328 2088 374 de
2123 341 2172 374 re

356 421 539 482 publiea
588 420 866 466 sententiam
901 419 1228 478 sequebantur,
1274 414 1494 460 nimirum
1538 412 1592 457 iis
1628 410 1990 470 gratificaturus,
2033 421 2172 467 penes

358 515 473 559 quos
519 499 677 545 foedus
722 498 917 544 faciendi
953 500 1033 542 aut
1066 494 1306 555 respuendi
1348 494 1546 552 potestas
1582 492 1693 536 erat.
1770 488 1945 534 Eadem
1979 486 2173 545 denique

358 580 416 627 de
460 592 601 626 causa
637 578 694 624 ab
730 577 941 624 omnibus
986 576 1042 622 iis
1077 575 1212 621 rebus
1248 570 1540 632 temperavit,
1589 581 1705 628 quae
1755 565 2174 613 moderatissimum

360 672 593 718 quemque
629 657 918 702 offenderent.

497 737 752 795 Diligenter
787 736 900 781 haec
925 734 1157 792 collegisse
1193 736 1329 790 atque
1364 727 1653 789 perpendisse
1689 739 1794 772 oum
1831 723 1942 770 satis
1968 721 2173 769 duxerim

364 830 515 876 neque
551 829 667 874 quae
693 813 796 859 inde
832 813 890 858 ad
924 812 1129 858 fabulam
1162 807 1551 868 interpretandam
1574 805 1666 865 peti
1700 803 1873 864 possint
1907 802 2016 847 data
2040 813 2174 860 opera

366 908 584 954 quaerere
639 894 686 937 in
738 893 889 937 animo
936 891 1017 943 sit,
1078 893 1237 934 tamen
1289 885 1663 944 adstipulandum
1724 880 1978 941 putaverim
2028 878 2176 924 verbis

366 972 616 1020 Godofredi
651 969 931 1023 Hermanni,
977 968 1054 1028 qui
1097 968 1142 1013 in
1178 965 1314 1026 praef.
1360 964 1513 1024 Suppl.
1561 976 1663 1023 pag.
1699 959 1761 1007 IV
1797 959 1852 1007 de
1887 959 1972 1005 hao
2006 971 2053 1004 re
2088 956 2175 1003 ita:

370 1051 521 1114 ⁷,Quin
566 1050 706 1096 etiam
752 1048 933 1095 criticus
968 1046 1179 1099 inveniet,
1226 1044 1345 1104 quod
1380 1057 1486 1090 eum
1522 1043 1560 1088 si
1594 1055 1685 1087 non
1721 1040 1902 1086 adiuvet
1943 1038 1991 1083 in
2026 1050 2181 1082 emen-

367 1131 534 1185 dando,
571 1134 619 1175 at
654 1130 848 1175 retineat
872 1130 1041 1180 tamen,
1076 1140 1132 1171 ne
1163 1126 1307 1170 tentet
1342 1136 1458 1181 quae
1496 1122 1660 1167 saltem
1682 1119 1857 1179 possint
1892 1131 2002 1164 sana
2037 1114 2178 1162 esse“.
