2281 3492
1193 73 1218 117 7

289 228 423 276 victis
458 227 665 275 hostibus
701 227 795 275 sive
820 226 1007 275 Graecis
1032 227 1124 275 sive
1158 227 1364 275 barbaris
1389 228 1640 275 occisorum
1664 241 1847 288 corpora
1882 227 1979 274 sine
2013 228 2111 274 ulla

292 307 551 354 condicione
586 308 882 354 concederent
901 309 953 369 1).
1020 309 1318 354 Athenienses
1354 310 1510 354 autem
1539 307 1775 353 Thebanos
1817 307 1875 353 ad
1909 306 2109 353 officium

292 388 554 433 revocantes
589 401 679 433 non
704 387 852 433 solum
877 386 1277 433 sanctissimarum
1310 387 1465 444 legum
1489 385 1689 432 vindices
1724 399 1772 432 se
1796 385 2107 440 ostenderant,

294 463 373 510 sed
417 464 637 511 auxilium
684 465 742 511 ab
788 465 844 510 iis
879 456 1076 524 petitum
1119 465 1481 523 praestitumque
1517 464 1657 524 etiam
1692 463 1961 509 documento
1996 466 2109 518 erat,

291 551 428 602 penes
453 544 655 588 Athenas
678 543 773 588 iam
797 538 1116 601 antiquissimo
1150 545 1352 601 ternpore
1375 542 1680 601 principatum
1707 541 1922 587 Graeciae
1954 542 2108 587 fuisse.

293 624 442 680 Atque
476 621 777 668 Athenienses
811 622 931 681 ipsos
966 621 1032 667 ita
1076 621 1272 667 sensisse
1307 620 1724 667 luculentissimum
1759 619 1945 666 tradidit
1979 620 2108 666 testi-

293 700 500 746 monium
523 699 794 746 Herodotus.
863 698 985 744 Nam
1013 699 1314 745 Athenienses
1350 712 1457 744 cum
1493 700 1600 744 ante
1634 711 1837 757 pugnam
1872 698 2109 744 Plataeen-

296 792 394 824 sem
436 793 541 823 cum
576 779 787 835 Tegeatis
831 778 1181 824 controversiam
1215 779 1457 831 haberent,
1505 778 1594 823 utri
1629 777 1839 823 dextrum
1884 792 2023 823 cornu
2057 778 2107 823 in

296 856 390 901 acie
425 858 652 910 tenerent,
706 857 758 901 ut
804 855 890 901 sibi
924 856 1048 901 hunc
1082 856 1234 901 locum
1268 855 1421 902 deberi
1456 855 1838 909 demonstrarent,
1890 855 2009 900 illius
2044 855 2108 900 rei

292 934 572 979 mentionem
614 934 818 979 fecerunt
832 934 881 993 2).
950 934 1154 979 Eandem
1205 934 1312 979 huic
1354 934 1537 979 fabulae
1580 934 1629 978 in
1673 934 1905 978 rhetorum
1949 933 2109 978 lauda-

292 1010 491 1057 tionibus
538 1010 853 1057 celeberrimae
896 1011 989 1056 vim
1024 1011 1164 1056 etiam
1199 1011 1420 1056 Isocrates
1457 1011 1623 1056 subicit
1658 1011 1778 1056 hisce
1813 1011 1984 1056 verbis:
2025 1006 2106 1070 ῃὲκ

295 1081 352 1150 δὴ
385 1105 564 1134 τουτων
598 1081 762 1151 ῥάδιον
785 1080 1046 1134 κατιδεῖν
1032 1080 1107 1134 ότι
1141 1087 1224 1134 καὶ
1260 1106 1350 1134 κατ
1402 1086 1581 1134 ἐκεῖιον
1603 1082 1684 1134 τὸν
1704 1081 1868 1148 χρὸιον
1911 1079 1938 1151 ἡ
1963 1081 2110 1142 πόλις

295 1157 429 1228 ἡμῶν
471 1158 761 1228 νγειιονικῶς
802 1159 942 1225 εἶχεν,
950 1166 971 1191 “
1026 1167 1196 1213 addens
1232 1168 1369 1213 huius
1404 1168 1661 1225 gravissimi
1697 1167 1832 1213 officii
1866 1167 1990 1212 haud
2024 1167 2112 1211 im-

296 1259 520 1291 memores
555 1259 611 1291 ne
647 1245 821 1291 bellum
857 1245 1041 1304 quidem
1077 1246 1301 1304 suscipere
1327 1246 1624 1292 Athenienses
1660 1245 1894 1291 dubitasse
1911 1246 1963 1305 3).
2018 1244 2107 1290 Sed

295 1337 404 1369 cum
437 1325 528 1369 tres
564 1323 655 1369 fere
691 1324 893 1370 diversae
928 1324 1099 1370 formae
1135 1326 1365 1370 exstarent
1399 1325 1548 1383 mythi
1583 1324 1637 1369 de
1660 1324 1821 1369 Thesei
1855 1323 2106 1369 clarissimo

293 1402 489 1448 facinore
503 1403 564 1461 4),
632 1402 868 1462 Euripides
912 1417 1014 1448 eam
1059 1417 1148 1462 qua
1182 1403 1355 1449 bellum
1390 1403 1688 1449 Athenienses
1731 1416 1837 1448 cum
1879 1401 2107 1448 Thebanis

294 1480 490 1538 gessisse
516 1479 784 1526 tradebatur
818 1484 1001 1525 secutus
1037 1484 1118 1535 est,
1154 1481 1374 1526 nimirum
1408 1484 1460 1526 ut
1494 1481 1668 1539 patriae
1703 1481 1896 1539 gloriam
1920 1482 2109 1538 augeret

295 1561 341 1604 et
386 1558 622 1604 victoriam
674 1558 1090 1618 splendidissimam
1134 1573 1295 1618 resque
1340 1572 1366 1604 a
1415 1559 1635 1604 militibus
1680 1559 1909 1618 praeclare
1954 1560 2108 1616 gestas

296 1637 345 1681 in
380 1650 546 1682 scaena
592 1637 840 1682 enarrando
884 1640 1192 1696 spectatorum
1234 1640 1279 1683 et
1320 1652 1453 1683 aures
1497 1637 1797 1695 permulceret
1842 1640 1887 1683 et
1927 1637 2107 1682 animos

298 1714 525 1761 excitaret.

429 1792 494 1838 Ut
534 1792 676 1850 igitur
719 1795 1046 1850 argumentum
1091 1792 1272 1838 fabulae
1322 1793 1473 1852 ipsum
1522 1792 1876 1838 Atheniensibus
1925 1806 2105 1837 summo

298 1872 446 1918 decori
488 1871 598 1925 fuit,
652 1872 715 1918 sic
759 1872 898 1918 etiam
940 1872 1086 1918 verbis
1132 1886 1237 1931 opes
1288 1872 1571 1931 virtutesque
1617 1885 1773 1918 eorum
1816 1871 2110 1917 illustrantur

299 1951 437 2008 atque
461 1949 760 2003 celebrantur,
793 1950 914 1995 velut
938 1950 995 1995 ab
1020 1950 1227 2003 Adrasto,
1264 1951 1342 2008 qui
1364 1950 1592 1995 Theseum
1628 1945 1900 1994 καλλίνικον
1923 1939 2106 1994 ἄνακτα

296 2030 342 2073 et
377 2016 712 2085 ἀλκιμώτατον
745 2017 863 2072 καθ’
899 2019 1100 2073 Ἑλλάδα
1135 2020 1258 2089 κάρα
1292 2029 1493 2087 appellat
1508 2029 1544 2088 5)
1593 2016 1934 2087 potentiamque
1969 2027 2109 2073 Athe-

298 2118 465 2151 narum
499 2105 564 2151 ita
598 2105 851 2166 praedicat:

432 2273 460 2322 1)
489 2273 545 2312 Cf.
576 2273 768 2313 Soetbeer.
795 2260 822 2313 l.
853 2287 885 2313 c.
915 2287 1003 2324 pag.
1035 2276 1083 2313 19
1112 2287 1168 2324 sq.

431 2339 461 2386 2)
491 2338 547 2377 Of.
576 2338 719 2377 Herod.
747 2338 810 2376 IX
839 2339 900 2378 27.
956 2339 1078 2378 Zastr.
1106 2339 1132 2378 1.
1163 2352 1195 2379 0.
1225 2352 1311 2390 pag.
1343 2341 1403 2379 11.

431 2405 461 2452 3)
491 2403 545 2443 Cf.
574 2403 717 2453 Paneg.
747 2405 768 2453 ξ
796 2405 858 2443 57.
915 2404 1047 2453 (Isocr.
1077 2406 1171 2444 orat.
1208 2406 1267 2444 ed.
1296 2405 1421 2444 Blass.
1477 2405 1581 2454 Lips.
1614 2405 1714 2444 1878
1742 2404 1819 2444 vol.
1849 2405 1869 2443 I
1896 2417 1984 2455 pag.
2015 2405 2110 2453 54).

429 2472 460 2516 4)
490 2469 545 2507 Cf.
575 2468 767 2507 Soetbeer.
795 2469 820 2507 1.
851 2482 883 2508 c.
912 2481 998 2519 pag.
1022 2470 1083 2508 18.
1137 2471 1423 2519 Antiquissima
1450 2471 1553 2508 enini
1581 2471 1686 2509 fama
1711 2471 1885 2519 ipsisque
1913 2470 2107 2509 Thebanis

297 2533 459 2585 probata
493 2535 576 2573 erat
609 2534 649 2572 in
685 2534 820 2572 eadem
856 2535 958 2572 terra
998 2535 1059 2584 atq
1069 2546 1115 2572 ue
1157 2534 1379 2573 ceciderant
1418 2535 1555 2573 heroes
1593 2535 1758 2585 Argivos
1797 2534 1971 2584 sepultos
2000 2546 2108 2583 esse3

297 2601 377 2639 vid.
412 2600 525 2639 Pind.
563 2599 622 2639 Ol.
651 2600 710 2638 VI
739 2601 786 2638 15
807 2612 863 2649 sq.
905 2600 1025 2638 Nem.
1048 2600 1110 2638 IX
1147 2600 1208 2639 22.
1256 2601 1478 2650 Aeschylus
1520 2603 1653 2639 contra
1694 2601 1735 2638 in
1770 2601 1968 2651 tragoedia
2006 2613 2107 2651 quae

302 2665 534 2711 „Eleusinii“
564 2665 751 2715 inscripta
779 2666 861 2704 erat
887 2665 961 2704 hoc
989 2665 1172 2704 Eleusine
1199 2665 1347 2704 factum
1377 2678 1462 2704 esse
1490 2666 1668 2715 finxerat,
1697 2668 1905 2716 postquam
1933 2666 2107 2705 Theseus

299 2742 459 2779 corpora
484 2730 553 2768 illa
580 2731 704 2780 gratia
740 2733 778 2767 et
814 2732 927 2779 pacto
954 2742 978 2768 a
1004 2730 1196 2768 Thebanis
1223 2730 1452 2779 recepisset3
1498 2732 1578 2770 vid.
1606 2732 1709 2769 Plut.
1739 2732 1850 2770 Thes.
1881 2745 1913 2770 e.
1949 2731 2116 2777 XXIX.

298 2795 466 2835 Tertiam
493 2807 586 2834 vero
612 2795 741 2844 mythi
767 2796 943 2843 formam,
981 2807 1100 2844 quam
1127 2795 1333 2844 Euripides
1361 2795 1568 2845 amplexus
1598 2798 1669 2845 est,
1710 2797 1790 2836 iam
1833 2798 1947 2836 antea
1974 2798 2108 2836 notam

298 2861 420 2899 fuisse
447 2873 498 2898 ex
525 2860 610 2899 loco
638 2859 782 2899 Herod.
809 2860 872 2898 IX
900 2861 948 2898 27
987 2872 1107 2909 supra
1133 2859 1250 2898 allato
1278 2861 1372 2898 satis
1400 2863 1570 2910 apparet.
1626 2861 1742 2900 Errat
1767 2862 1888 2912 igitur
1915 2862 2109 2912 Bergkius

297 2925 399 2966 Hist.
428 2926 502 2966 litt.
524 2925 658 2965 Graec.
685 2925 711 2965 1.
742 2937 774 2965 c.
802 2937 889 2976 pag.
911 2925 988 2964 532
1019 2925 1163 2964 bellum
1191 2938 1214 2964 a
1231 2925 1379 2965 Theseo
1407 2928 1636 2976 susceptum
1664 2927 1862 2966 invenisse
1880 2927 2107 2977 Euripidem

297 2993 442 3032 dicens.
499 2992 555 3031 Cf.
586 2992 712 3031 Soetb.
740 2991 766 3031 1.
796 3004 829 3031 c,
859 3004 944 3041 pag.
976 2992 1024 3031 16
1053 3004 1137 3042 sqq.

429 3058 460 3108 ⁵)
489 3057 546 3097 Cf.
575 3056 710 3107 Suppl.
739 3070 777 3096 v.
810 3057 896 3096 113.
929 3058 1014 3096 163.
