2281 3492
1099 98 1160 141 45

236 253 319 308 ria,
355 267 470 313 quae
505 254 627 299 haud
662 269 762 300 raro
798 257 1107 315 spectatorum
1140 254 1256 299 iram
1291 253 1553 299 excitavisse
1577 254 1868 299 notissimum
1903 257 1971 300 est
1989 256 2040 313 ¹).

236 332 367 379 Tales
415 335 571 379 autem
617 334 867 380 sententiae
918 334 965 379 in
1013 332 1280 393 Supplicum
1322 331 1477 378 fabula
1523 346 1752 391 nusquam
1806 333 2040 391 leguntur;

236 412 378 458 immo
424 425 606 459 summa
648 413 916 460 verecundia
967 412 1021 459 de
1069 412 1256 458 deorum
1290 411 1491 471 potentia
1542 414 1587 457 et
1631 411 1930 469 benignitate,
1983 412 2038 458 de

239 491 433 538 oraculis
470 494 514 538 et
547 492 786 547 vaticiniis,
822 492 876 538 de
911 491 1156 538 mulierum
1191 490 1437 536 virtutibus
1483 490 1698 549 loquitur,
1735 504 1849 549 quae
1885 492 2042 536 omnia

239 569 340 615 aliis
375 570 422 615 in
455 570 619 616 fabulis
655 571 763 616 data
797 571 1017 616 facultate
1051 569 1100 614 in
1134 569 1325 614 dubium
1358 582 1515 614 vocare
1551 583 1640 614 non
1673 572 1853 615 veretur
1871 570 1920 628 2).
1991 569 2041 615 Si

236 647 350 693 nihil
394 648 575 695 fecisset
608 649 695 695 nisi
735 652 789 695 ut
834 649 989 707 inique
1032 647 1233 693 iudicare
1281 646 1336 692 de
1378 646 1432 692 iis
1475 647 1609 693 rebus
1653 648 1900 700 omitteret,
1944 648 2041 693 iure

236 727 528 781 miraremur;
564 728 683 786 quod
717 728 787 773 vel
820 726 1097 786 praedicavit
1129 726 1328 772 maxime
1362 726 1531 770 mirum
1568 728 1649 771 est.
1720 727 1784 771 Ac
1816 726 2038 785 Bergkius

237 805 421 865 quidem
449 820 514 871 ex·
535 806 811 865 Aeschyleae
851 805 961 851 artis
997 804 1251 850 imitatione
1285 803 1332 850 id
1367 805 1585 864 explicare
1620 818 1748 864 posse
1795 804 1879 850 sibi
1914 805 2038 850 visus

238 888 308 931 est
322 886 373 945 3).
443 884 533 931 Sed
565 899 721 931 omnes
765 885 961 943 reliquas
1006 884 1207 937 fabulae,
1254 897 1369 942 quae
1404 898 1495 929 non
1536 884 1688 929 minus
1730 884 1788 929 ad
1828 885 2040 942 Aeschyli

237 967 382 1010 artem
417 963 639 1010 accedunt
680 964 751 1009 vel
801 963 950 1022 potius
984 963 1081 1022 pari
1124 963 1360 1008 intervallo
1397 962 1452 1007 ab
1488 976 1540 1008 ea
1586 962 1768 1017 distant,
1815 962 2039 1008 similibus

238 1042 475 1088 sententiis
524 1041 754 1087 abundare
770 1042 806 1102 4)
855 1054 945 1100 qua
990 1041 1162 1086 ratione
1208 1041 1488 1100 explicatur?
1560 1041 1661 1086 Alia
1711 1041 1849 1099 igitur
1899 1055 2038 1087 causa

235 1120 370 1166 fuerit
415 1134 597 1167 necesse
648 1122 736 1175 est;
783 1134 835 1167 ac
875 1134 979 1166 mea
1022 1120 1246 1167 sententia
1290 1119 1524 1179 Euripides
1560 1120 1699 1166 libera
1744 1134 1826 1166 sua
1871 1120 2037 1166 iudicia

235 1199 480 1245 moderatis
523 1202 568 1245 et
612 1199 904 1246 consideratis
949 1199 1239 1258 potissimum
1285 1199 1456 1245 civibus
1505 1198 1733 1245 offensioni
1785 1213 1883 1245 esse
1928 1214 2034 1245 cum

235 1292 323 1323 non
358 1278 593 1336 ignoraret,
628 1279 675 1324 in
709 1279 795 1325 hac
829 1277 983 1324 fabula
1018 1278 1075 1324 ab
1108 1278 1164 1324 iis
1200 1278 1432 1332 abstinuit,
1475 1292 1529 1324 ne
1565 1278 1745 1324 eosdem
1780 1278 2039 1331 offenderet,

237 1370 347 1415 quos
383 1357 430 1401 in
465 1370 571 1402 suas
606 1359 755 1416 partes
792 1357 953 1402 ducere
987 1357 1178 1402 volebat.

366 1643 450 1689 His
485 1644 693 1703 expositis
741 1644 850 1690 satis
894 1644 1174 1690 intellectum
1219 1646 1350 1703 puto,
1409 1658 1495 1703 quo
1541 1644 1672 1690 modo
1713 1644 1951 1704 Euripides
1988 1645 2032 1690 in

236 1721 524 1780 Supplicibus
571 1726 773 1781 tempora
820 1736 902 1768 sua
947 1723 1202 1781 respexerit.
1290 1722 1378 1769 Sed
1428 1726 1481 1768 ut
1534 1737 1586 1768 ea
1637 1737 1752 1782 quae
1804 1724 2035 1782 disputavi

232 1800 390 1859 paucis
436 1800 722 1860 complectar,
768 1801 880 1847 haec
924 1800 1039 1847 mihi
1082 1800 1234 1847 videor
1280 1801 1486 1847 evicisse:
1539 1800 1735 1847 Fabulae
1786 1801 2033 1847 materiam

233 1878 470 1938 Euripides
507 1879 664 1924 statim
709 1881 810 1939 post
844 1879 1019 1925 cladem
1055 1879 1112 1924 ad
1146 1879 1329 1925 Delium
1373 1882 1606 1939 acceptam
1650 1880 1795 1937 elegit,
1831 1883 1885 1926 ut
1919 1880 2034 1926 The-

233 1957 454 2003 banorum
499 1957 783 2017 impietatem
818 1960 955 2017 atque
994 1958 1208 2003 iniuriam
1253 1958 1507 2016 castigaret,
1542 1959 1887 2004 Atheniensium
1931 1973 2033 2004 vero

233 2037 402 2095 pietate
436 2037 724 2095 potentiaque
752 2037 1018 2083 celebranda
1053 2037 1225 2096 patriae
1260 2037 1450 2095 gloriam
1474 2041 1658 2095 augeret
1691 2040 1736 2083 et
1771 2038 1889 2083 cives
1926 2052 2034 2083 suos

232 2116 286 2161 de
321 2117 506 2175 accepta
541 2115 705 2162 iniuria
729 2116 1036 2163 consolaretur
1058 2116 1343 2175 meliorisque
1378 2115 1584 2163 fortunae
1609 2130 1735 2176 spem
1770 2117 1824 2163 iis
1849 2116 2032 2164 faceret.

233 2193 458 2240 Fabulam
512 2196 622 2239 tunc
674 2194 857 2253 quidem
909 2195 1063 2253 aliqua
1107 2195 1161 2240 de
1197 2208 1336 2240 causa
1382 2195 1625 2254 sepositam
1670 2209 1786 2240 anno
1837 2197 1930 2240 420
1978 2196 2033 2240 ad

238 2273 397 2318 foedus
432 2273 703 2330 Argivorum
749 2274 1161 2319 commendandum
1204 2275 1464 2319 retractavit
1505 2275 1772 2333 magnisque
1806 2275 2035 2333 Dionysiis

231 2350 279 2397 in
315 2363 527 2397 scaenam
583 2350 810 2411 produxit,
874 2350 1010 2411 idque
1066 2354 1119 2398 ut
1175 2351 1352 2398 videtur
1410 2355 1590 2398 auctore
1643 2351 1886 2398 Alcibiade.
1980 2351 2034 2397 In

231 2429 437 2475 iteranda
461 2432 617 2474 autem
651 2429 806 2474 fabula
839 2430 960 2475 illius
983 2430 1174 2476 foederis
1210 2445 1348 2476 causa
1383 2445 1471 2476 non
1496 2432 1641 2476 solum
1678 2445 1751 2476 eos
1787 2432 1918 2483 locos,
1956 2432 2034 2488 qui

232 2508 484 2554 clarissime
531 2508 588 2553 ad
631 2522 702 2554 res
738 2508 1008 2566 Argivorum
1044 2511 1272 2568 spectant,
1318 2509 1496 2555 fabulae
1532 2509 1733 2561 inseruit,
1780 2508 1858 2555 sed
1893 2509 2032 2555 etiam

364 2742 393 2786 1)
423 2738 478 2777 Cf.
517 2738 697 2777 Schenkl.
736 2737 761 2777 l.
799 2750 831 2776 c.
869 2750 954 2788 pag.
983 2738 1045 2777 45.
1101 2737 1247 2787 Haupt.
1285 2736 1309 2777 Ι.
1350 2750 1381 2777 e.
1410 2736 1430 2776 Ι
1457 2749 1542 2787 pag.
1575 2737 1593 2776 1
1624 2748 1706 2787 sqq.
1773 2736 1913 2788 Bergk.
1943 2736 1968 2777 l.
1999 2749 2032 2777 c.

231 2815 317 2854 pag.
347 2802 435 2842 568.

362 2882 391 2932 2)
422 2882 477 2921 Cf.
497 2895 536 2921 v.
560 2883 633 2921 155
649 2893 731 2931 sqq.
763 2881 850 2920 159.
880 2881 951 2920 201
971 2892 1054 2930 sqq.
1086 2881 1157 2918 211
1176 2892 1258 2929 sqq.
1282 2880 1356 2919 ‘229
1368 2892 1450 2930 sqq.
1473 2881 1545 2919 301
1560 2892 1643 2930 sqq.
1666 2881 1742 2920 610
1752 2893 1833 2932 sqq.
1856 2882 1931 2921 626
1948 2894 2032 2932 sqq.

231 2948 399 2998 734sqq.
430 2948 517 2987 294.
540 2947 637 2987 1101
650 2959 732 2997 sqq.

359 3027 388 3077 ³)
418 3026 473 3066 Cf.
503 3026 643 3076 Bergk.
671 3025 696 3064 l.
728 3038 760 3065 c.
789 3037 874 3075 pag.
906 3026 993 3064 537.

358 3108 390 3155 4)
419 3107 475 3146 Cf.
505 3105 684 3145 Schenkl.
713 3104 738 3144 l.
769 3117 800 3144 c.
830 3117 916 3155 pag.
945 3105 996 3142 44
1019 3116 1074 3155 sq.
