2281 3492
1108 915 1246 993 ΙΙΙ.

408 1155 476 1200 Ad
512 1154 748 1200 consilium
782 1156 939 1213 poetae
973 1154 1129 1199 foedus
1160 1153 1430 1212 Argivorum
1472 1153 1688 1199 suadendi
1724 1153 1918 1212 quodam
1942 1154 2073 1200 modo

279 1234 420 1281 etiam
452 1234 677 1293 pertinent
724 1233 976 1292 singulares
1020 1233 1123 1279 illae
1167 1235 1213 1278 et
1258 1233 1364 1278 huic
1407 1232 1587 1278 fabulae
1632 1222 1826 1278 maxime
1870 1233 2073 1292 propriae

279 1313 608 1372 disputationes
644 1313 697 1358 de
733 1313 903 1371 optima
937 1312 1002 1358 rei
1036 1312 1241 1372 publicae
1276 1311 1442 1365 forma,
1478 1312 1531 1357 de
1566 1312 1764 1371 partium
1799 1312 1984 1365 studiis,
2020 1312 2073 1358 de

277 1392 525 1438 virtutibus
560 1391 666 1437 boni
702 1391 810 1437 civis
842 1393 977 1449 atque
1013 1390 1349 1449 gubernatoris,
1386 1404 1500 1450 quae
1535 1390 1716 1450 quidem
1750 1391 2072 1450 disputationes

278 1470 325 1515 in
359 1469 519 1515 Thesei
552 1469 737 1515 Adrasti
772 1469 1081 1515 caduceatoris
1116 1469 1319 1515 Thebani
1353 1469 1626 1514 orationibus
1661 1470 1882 1515 latissime
1917 1473 2076 1528 paten-

276 1551 347 1595 tes
384 1549 440 1593 ab
475 1548 640 1594 heroici
683 1548 897 1607 temporis
939 1548 1142 1593 moribus
1186 1548 1428 1593 abhorrent
1469 1562 1611 1606 neque
1655 1548 1789 1593 rebus
1834 1548 1881 1593 in
1915 1547 2073 1593 fabula

275 1626 417 1685 gestis
453 1628 534 1673 aut
568 1625 773 1685 gerendis
807 1627 903 1672 ulla
937 1626 1113 1673 ratione
1148 1627 1417 1673 conveniunt
1433 1627 1483 1688 1).

408 1721 473 1764 Ac
497 1719 551 1764 de
575 1719 741 1764 civium
776 1719 980 1778 partibus
1015 1719 1124 1777 quid
1150 1720 1339 1764 senserit
1363 1720 1624 1765 clarissimis
1658 1720 1805 1765 verbis
1836 1719 2072 1779 explicavit

272 1812 314 1843 V.
351 1798 634 1843 238—245:

589 1902 714 1963 τρεῖς
748 1894 834 1963 γὰρ
869 1899 1081 1948 πολιτῶν
1113 1897 1312 1964 μερίδες·
1351 1897 1403 1948 οἳ
1431 1899 1519 1960 μὲν
1553 1892 1709 1962 ὄλβιοι

589 1971 847 2040 ἀνωφελεῖς
879 1996 929 2024 τε
965 1974 1197 2024 πλειόνων
1229 1971 1269 2024 τ’
1308 1973 1443 2040 ἐρῶσ’
1480 1971 1567 2025 ciel.

594 2053 645 2104 οἳ
676 2048 719 2104 ‹5'
757 2048 840 2105 οὖν,
876 2055 1056 2117 ἔχοντες
1090 2057 1171 2105 καὶ
1208 2054 1516 2116 σπανίζοντες
1548 2053 1668 2118 βίον,

590 2134 736 2182 δεινοὶ
771 2135 988 2196 νέμοντες
1020 2135 1087 2199 τῷ
1123 2131 1294 2201 φθόνῳ
1329 2135 1478 2183 πλέον
1511 2135 1653 2198 μέρος

582 2211 651 2270 εἷς
683 2209 793 2271 τοὺς
827 2212 1018 2273 ἔχοντας
1051 2207 1202 2278 κέντρ’
1238 2207 1440 2280 ἆφιᾶσιν
1473 2210 1612 2273 κακά,

586 2286 825 2353 γλώσσαις
858 2292 1076 2356 πονηρῶν
1110 2293 1393 2356 προστατῶν
1427 2288 1724 2358 φηλούμενοι·

585 2368 727 2432 τριῶν
760 2369 813 2415 δὲ
847 2369 1025 2432 μοιρῶν
1058 2364 1086 2434 ἡ
1121 2363 1162 2417 ’ν
1194 2370 1327 2433 μέσῳ
1364 2366 1505 2429 σώζει
1541 2365 1720 2428 πόλεις,

584 2441 764 2507 κόσμον
798 2440 1089 2511 φυλάσσουσ)
1126 2441 1264 2495 ὅντιν)
1300 2441 1356 2495 ἂν
1389 2444 1504 2513 τάξῃ
1540 2444 1696 2504 πόλις.

400 2554 564 2600 Totam
597 2554 737 2613 igitur
769 2555 940 2614 patriae
976 2555 1172 2600 salutem
1206 2556 1401 2614 positam
1448 2570 1545 2602 esse
1581 2555 1689 2601 dicit
1736 2555 1782 2601 in
1817 2568 1870 2601 ea
1905 2555 2073 2601 civium

269 2635 422 2692 parte,
474 2646 589 2691 quae
645 2632 848 2678 medium
903 2634 1059 2677 teneat
1108 2633 1226 2678 inter
1277 2636 1501 2679 extremas
1552 2633 1769 2679 factiones
1816 2633 2073 2692 pariterque

270 2711 420 2758 aliena
472 2712 529 2757 ab
581 2710 870 2771 optimatium
917 2710 1106 2756 avaritia
1158 2713 1203 2756 et
1253 2712 1562 2758 multitudinis
1614 2712 1852 2757 libidinosa
1902 2711 2073 2757 invidia

269 2791 475 2836 ordinem
509 2789 704 2836 civitatis
741 2790 959 2835 servando
1005 2790 1152 2848 ipsam
1187 2790 1417 2836 civitatem
1464 2794 1622 2837 servet.
1685 2791 1760 2836 'Ab
1795 2791 1881 2837 hac
1917 2793 2073 2837 autem

268 2872 411 2929 parte,
447 2869 577 2916 cuius
612 2868 666 2914 de
699 2882 747 2914 re
781 2868 961 2928 publica
996 2869 1272 2915 sententiam
1306 2869 1446 2916 etiam
1470 2869 1757 2929 Thucydides
1794 2869 2073 2930 sequendam

402 3091 430 3141 ¹)
460 3090 515 3131 Cf.
544 3090 685 3141 Bergk.
714 3090 740 3129 1.
770 3102 802 3129 ο.
832 3102 916 3140 pag.
947 3091 1022 3129 535
1052 3102 1108 3140 sq.
