<?xml version="1.0" encoding="UTF-8"?>
<!DOCTYPE html PUBLIC "-//W3C//DTD XHTML 1.0 Transitional//EN"
    "http://www.w3.org/TR/xhtml1/DTD/xhtml1-transitional.dtd">
<html xmlns="http://www.w3.org/1999/xhtml" xml:lang="en" lang="en">
 <head>
  <title>
</title>
<meta http-equiv="Content-Type" content="text/html;charset=utf-8" />
  <meta name='ocr-system' content='tesseract 3.04.00' />
  <meta name='ocr-capabilities' content='ocr_page ocr_carea ocr_par ocr_line ocrx_word'/>
</head>
<body>
  <div class='ocr_page' id='page_1' title='image "4626156_0050.png"; bbox 0 0 2281 3492; ppageno 0'>
   <div class='ocr_carea' id='block_1_1' title="bbox 1125 80 1186 124">
    <p class='ocr_par' dir='ltr' id='par_1_1' title="bbox 1125 80 1186 124">
     <span class='ocr_line' id='line_1_1' title="bbox 1125 80 1186 124; baseline 0 0"><span class='ocrx_word' id='word_1_1' title='bbox 1125 80 1186 124; x_wconf 84' lang='lat'>43</span> 
     </span>
    </p>
   </div>
   <div class='ocr_carea' id='block_1_2' title="bbox 255 233 2061 375">
    <p class='ocr_par' dir='ltr' id='par_1_2' title="bbox 255 233 2061 375">
     <span class='ocr_line' id='line_1_2' title="bbox 255 233 2061 297; baseline -0.001 -18"><span class='ocrx_word' id='word_1_2' title='bbox 255 247 337 281; x_wconf 91' lang='lat' dir='ltr'>suo</span> <span class='ocrx_word' id='word_1_3' title='bbox 372 235 572 293; x_wconf 89' lang='lat' dir='ltr'>tempore</span> <span class='ocrx_word' id='word_1_4' title='bbox 606 235 826 282; x_wconf 86' lang='lat' dir='ltr'>auxilium</span> <span class='ocrx_word' id='word_1_5' title='bbox 859 235 974 283; x_wconf 87' lang='lat' dir='ltr'>ferre</span> <span class='ocrx_word' id='word_1_6' title='bbox 993 237 1044 297; x_wconf 87' lang='lat'>1).</span> <span class='ocrx_word' id='word_1_7' title='bbox 1118 234 1318 281; x_wconf 75' lang='lat' dir='ltr'>Victoria</span> <span class='ocrx_word' id='word_1_8' title='bbox 1353 236 1613 293; x_wconf 88' lang='lat' dir='ltr'>comparata</span> <span class='ocrx_word' id='word_1_9' title='bbox 1647 233 1692 279; x_wconf 92' lang='lat' dir='ltr'>in</span> <span class='ocrx_word' id='word_1_10' title='bbox 1727 233 1866 279; x_wconf 89' lang='lat' dir='ltr'>victos</span> <span class='ocrx_word' id='word_1_11' title='bbox 1902 246 1948 279; x_wconf 91' lang='lat' dir='ltr'>se</span> <span class='ocrx_word' id='word_1_12' title='bbox 1983 246 2061 292; x_wconf 88' lang='lat' dir='ltr'>ge-</span> 
     </span>
     <span class='ocr_line' id='line_1_3' title="bbox 256 314 1155 375; baseline 0.001 -17"><span class='ocrx_word' id='word_1_13' title='bbox 256 327 470 359; x_wconf 90' lang='lat' dir='ltr'>nerosum</span> <span class='ocrx_word' id='word_1_14' title='bbox 505 314 852 374; x_wconf 90' lang='lat' dir='ltr'>modestumque</span> <span class='ocrx_word' id='word_1_15' title='bbox 886 318 1089 375; x_wconf 74' lang='lat' dir='ltr'>praestat</span> <span class='ocrx_word' id='word_1_16' title='bbox 1104 315 1155 375; x_wconf 79' lang='grc'>2).</span> 
     </span>
    </p>
   </div>
   <div class='ocr_carea' id='block_1_3' title="bbox 255 418 2059 1267">
    <p class='ocr_par' dir='ltr' id='par_1_3' title="bbox 255 418 2059 1267">
     <span class='ocr_line' id='line_1_4' title="bbox 388 418 2058 480; baseline 0 -16"><span class='ocrx_word' id='word_1_17' title='bbox 388 418 514 468; x_wconf 88' lang='lat' dir='ltr'>Haec</span> <span class='ocrx_word' id='word_1_18' title='bbox 546 419 687 479; x_wconf 87' lang='lat' dir='ltr'>igitur</span> <span class='ocrx_word' id='word_1_19' title='bbox 720 424 790 467; x_wconf 92' lang='lat' dir='ltr'>est</span> <span class='ocrx_word' id='word_1_20' title='bbox 835 422 1010 480; x_wconf 82' lang='lat' dir='ltr'>imago,</span> <span class='ocrx_word' id='word_1_21' title='bbox 1056 434 1196 480; x_wconf 90' lang='lat' dir='ltr'>quam</span> <span class='ocrx_word' id='word_1_22' title='bbox 1242 420 1295 466; x_wconf 92' lang='lat' dir='ltr'>de</span> <span class='ocrx_word' id='word_1_23' title='bbox 1339 419 1510 479; x_wconf 89' lang='lat' dir='ltr'>optima</span> <span class='ocrx_word' id='word_1_24' title='bbox 1552 419 1616 465; x_wconf 91' lang='lat' dir='ltr'>rei</span> <span class='ocrx_word' id='word_1_25' title='bbox 1660 419 1865 478; x_wconf 89' lang='lat' dir='ltr'>publicae</span> <span class='ocrx_word' id='word_1_26' title='bbox 1911 419 2058 465; x_wconf 85' lang='lat' dir='ltr'>forma</span> 
     </span>
     <span class='ocr_line' id='line_1_5' title="bbox 256 496 2057 558; baseline 0 -16"><span class='ocrx_word' id='word_1_27' title='bbox 256 496 494 556; x_wconf 79' lang='lat' dir='ltr'>Euripides</span> <span class='ocrx_word' id='word_1_28' title='bbox 529 500 756 558; x_wconf 82' lang='lat' dir='ltr'>expressit.</span> <span class='ocrx_word' id='word_1_29' title='bbox 810 500 949 546; x_wconf 81' lang='lat' dir='ltr'>Recte</span> <span class='ocrx_word' id='word_1_30' title='bbox 973 501 1129 545; x_wconf 88' lang='lat' dir='ltr'>autem</span> <span class='ocrx_word' id='word_1_31' title='bbox 1154 498 1474 544; x_wconf 88' lang='lat' dir='ltr'>animadvertit</span> <span class='ocrx_word' id='word_1_32' title='bbox 1497 497 1781 555; x_wconf 68' lang='lat' dir='ltr'>Hmtungus,</span> <span class='ocrx_word' id='word_1_33' title='bbox 1816 502 2057 556; x_wconf 85' lang='lat' dir='ltr'>tamquam</span> 
     </span>
     <span class='ocr_line' id='line_1_6' title="bbox 257 576 2057 636; baseline 0 -15"><span class='ocrx_word' id='word_1_34' title='bbox 257 577 485 636; x_wconf 86' lang='lat' dir='ltr'>exemplar</span> <span class='ocrx_word' id='word_1_35' title='bbox 518 578 559 623; x_wconf 88' lang='lat' dir='ltr'>ei</span> <span class='ocrx_word' id='word_1_36' title='bbox 603 579 659 624; x_wconf 91' lang='lat' dir='ltr'>ob</span> <span class='ocrx_word' id='word_1_37' title='bbox 705 579 856 624; x_wconf 92' lang='lat' dir='ltr'>oculos</span> <span class='ocrx_word' id='word_1_38' title='bbox 901 580 1132 624; x_wconf 86' lang='lat' dir='ltr'>versatam</span> <span class='ocrx_word' id='word_1_39' title='bbox 1178 591 1277 623; x_wconf 92' lang='lat' dir='ltr'>esse</span> <span class='ocrx_word' id='word_1_40' title='bbox 1320 576 1503 623; x_wconf 78' lang='lat' dir='ltr'>Periclis</span> <span class='ocrx_word' id='word_1_41' title='bbox 1546 576 1987 623; x_wconf 86' lang='lat' dir='ltr'>administrationem</span> <span class='ocrx_word' id='word_1_42' title='bbox 2003 577 2057 636; x_wconf 78' lang='lat'>3).</span> 
     </span>
     <span class='ocr_line' id='line_1_7' title="bbox 258 653 2057 714; baseline -0.001 -13"><span class='ocrx_word' id='word_1_43' title='bbox 258 653 415 714; x_wconf 85' lang='lat' dir='ltr'>Neque</span> <span class='ocrx_word' id='word_1_44' title='bbox 449 655 533 702; x_wconf 96' lang='grc'>1100</span> <span class='ocrx_word' id='word_1_45' title='bbox 568 656 714 702; x_wconf 90' lang='lat' dir='ltr'>solum</span> <span class='ocrx_word' id='word_1_46' title='bbox 754 657 933 702; x_wconf 80' lang='lat' dir='ltr'>videtur</span> <span class='ocrx_word' id='word_1_47' title='bbox 967 656 1286 703; x_wconf 89' lang='lat' dir='ltr'>statuendum:</span> <span class='ocrx_word' id='word_1_48' title='bbox 1333 655 1428 714; x_wconf 89' lang='lat' dir='ltr'>ipse</span> <span class='ocrx_word' id='word_1_49' title='bbox 1472 655 1671 701; x_wconf 85' lang='lat' dir='ltr'>Theseus</span> <span class='ocrx_word' id='word_1_50' title='bbox 1718 656 1889 701; x_wconf 90' lang='lat' dir='ltr'>summi</span> <span class='ocrx_word' id='word_1_51' title='bbox 1933 655 2057 700; x_wconf 90' lang='lat' dir='ltr'>illius</span> 
     </span>
     <span class='ocr_line' id='line_1_8' title="bbox 255 734 2058 793; baseline 0.001 -15"><span class='ocrx_word' id='word_1_52' title='bbox 255 734 340 779; x_wconf 87' lang='lat' dir='ltr'>viri</span> <span class='ocrx_word' id='word_1_53' title='bbox 384 734 640 781; x_wconf 90' lang='lat' dir='ltr'>simillimus</span> <span class='ocrx_word' id='word_1_54' title='bbox 685 738 766 781; x_wconf 90' lang='lat' dir='ltr'>est.</span> <span class='ocrx_word' id='word_1_55' title='bbox 848 735 1032 781; x_wconf 87' lang='lat' dir='ltr'>Etenim</span> <span class='ocrx_word' id='word_1_56' title='bbox 1078 749 1166 780; x_wconf 89' lang='lat' dir='ltr'>non</span> <span class='ocrx_word' id='word_1_57' title='bbox 1215 734 1381 780; x_wconf 89' lang='lat' dir='ltr'>heroici</span> <span class='ocrx_word' id='word_1_58' title='bbox 1432 734 1643 793; x_wconf 85' lang='lat' dir='ltr'>temporis</span> <span class='ocrx_word' id='word_1_59' title='bbox 1687 735 1887 779; x_wconf 90' lang='lat' dir='ltr'>moribus</span> <span class='ocrx_word' id='word_1_60' title='bbox 1933 734 2058 792; x_wconf 84' lang='lat' dir='ltr'>regia</span> 
     </span>
     <span class='ocr_line' id='line_1_9' title="bbox 257 813 2057 873; baseline 0 -15"><span class='ocrx_word' id='word_1_61' title='bbox 257 815 496 872; x_wconf 85' lang='lat' dir='ltr'>potestate</span> <span class='ocrx_word' id='word_1_62' title='bbox 526 814 714 861; x_wconf 86' lang='lat' dir='ltr'>indutus</span> <span class='ocrx_word' id='word_1_63' title='bbox 761 817 851 869; x_wconf 79' lang='lat' dir='ltr'>est,</span> <span class='ocrx_word' id='word_1_64' title='bbox 899 814 977 860; x_wconf 91' lang='lat' dir='ltr'>sed</span> <span class='ocrx_word' id='word_1_65' title='bbox 1022 814 1151 872; x_wconf 84' lang='lat' dir='ltr'>liberi</span> <span class='ocrx_word' id='word_1_66' title='bbox 1184 814 1338 873; x_wconf 92' lang='lat' dir='ltr'>populi</span> <span class='ocrx_word' id='word_1_67' title='bbox 1372 813 1600 872; x_wconf 83' lang='lat' dir='ltr'>princeps,</span> <span class='ocrx_word' id='word_1_68' title='bbox 1643 814 1719 872; x_wconf 91' lang='lat' dir='ltr'>qui</span> <span class='ocrx_word' id='word_1_69' title='bbox 1752 814 1846 872; x_wconf 90' lang='lat' dir='ltr'>ipse</span> <span class='ocrx_word' id='word_1_70' title='bbox 1882 813 2057 859; x_wconf 85' lang='lat' dir='ltr'>civibus</span> 
     </span>
     <span class='ocr_line' id='line_1_10' title="bbox 258 891 2055 954; baseline -0.001 -16"><span class='ocrx_word' id='word_1_71' title='bbox 258 891 516 939; x_wconf 90' lang='lat' dir='ltr'>libertatem</span> <span class='ocrx_word' id='word_1_72' title='bbox 561 894 783 940; x_wconf 87' lang='lat' dir='ltr'>concessit</span> <span class='ocrx_word' id='word_1_73' title='bbox 796 893 848 954; x_wconf 71' lang='lat'>4).</span> <span class='ocrx_word' id='word_1_74' title='bbox 934 892 1092 952; x_wconf 87' lang='lat' dir='ltr'>Neque</span> <span class='ocrx_word' id='word_1_75' title='bbox 1148 892 1397 952; x_wconf 84' lang='lat' dir='ltr'>quidquam</span> <span class='ocrx_word' id='word_1_76' title='bbox 1443 892 1592 938; x_wconf 88' lang='lat' dir='ltr'>maius</span> <span class='ocrx_word' id='word_1_77' title='bbox 1646 892 1832 951; x_wconf 87' lang='lat' dir='ltr'>suscipit</span> <span class='ocrx_word' id='word_1_78' title='bbox 1876 892 2055 937; x_wconf 89' lang='lat' dir='ltr'>iniussu</span> 
     </span>
     <span class='ocr_line' id='line_1_11' title="bbox 261 971 2055 1031; baseline -0.001 -15"><span class='ocrx_word' id='word_1_79' title='bbox 261 971 432 1031; x_wconf 77' lang='lat' dir='ltr'>populi,</span> <span class='ocrx_word' id='word_1_80' title='bbox 478 972 670 1031; x_wconf 90' lang='lat' dir='ltr'>populus</span> <span class='ocrx_word' id='word_1_81' title='bbox 706 974 861 1018; x_wconf 90' lang='lat' dir='ltr'>autem</span> <span class='ocrx_word' id='word_1_82' title='bbox 895 972 1108 1031; x_wconf 91' lang='lat' dir='ltr'>principis</span> <span class='ocrx_word' id='word_1_83' title='bbox 1144 972 1310 1017; x_wconf 85' lang='lat' dir='ltr'>virtute</span> <span class='ocrx_word' id='word_1_84' title='bbox 1345 974 1578 1030; x_wconf 90' lang='lat' dir='ltr'>tantopere</span> <span class='ocrx_word' id='word_1_85' title='bbox 1613 971 1815 1024; x_wconf 78' lang='lat' dir='ltr'>confidit,</span> <span class='ocrx_word' id='word_1_86' title='bbox 1851 974 1903 1016; x_wconf 87' lang='lat' dir='ltr'>ut</span> <span class='ocrx_word' id='word_1_87' title='bbox 1938 985 2055 1029; x_wconf 88' lang='lat' dir='ltr'>quae</span> 
     </span>
     <span class='ocr_line' id='line_1_12' title="bbox 259 1049 2059 1110; baseline -0.001 -15"><span class='ocrx_word' id='word_1_88' title='bbox 259 1052 304 1095; x_wconf 88' lang='lat' dir='ltr'>et</span> <span class='ocrx_word' id='word_1_89' title='bbox 337 1051 444 1108; x_wconf 91' lang='lat' dir='ltr'>quia</span> <span class='ocrx_word' id='word_1_90' title='bbox 478 1051 552 1096; x_wconf 93' lang='lat' dir='ltr'>ille</span> <span class='ocrx_word' id='word_1_91' title='bbox 587 1051 882 1109; x_wconf 87' lang='lat' dir='ltr'>postulaverit</span> <span class='ocrx_word' id='word_1_92' title='bbox 916 1051 1128 1096; x_wconf 88' lang='lat' dir='ltr'>decernat</span> <span class='ocrx_word' id='word_1_93' title='bbox 1143 1052 1194 1110; x_wconf 84' lang='grc'>5).</span> <span class='ocrx_word' id='word_1_94' title='bbox 1266 1050 1484 1107; x_wconf 82' lang='lat' dir='ltr'>Quamvis</span> <span class='ocrx_word' id='word_1_95' title='bbox 1519 1051 1643 1109; x_wconf 86' lang='lat' dir='ltr'>pacis</span> <span class='ocrx_word' id='word_1_96' title='bbox 1679 1050 1905 1096; x_wconf 88' lang='lat' dir='ltr'>studiosus</span> <span class='ocrx_word' id='word_1_97' title='bbox 1941 1049 2059 1095; x_wconf 90' lang='lat' dir='ltr'>The-</span> 
     </span>
     <span class='ocr_line' id='line_1_13' title="bbox 260 1128 2055 1188; baseline 0 -15"><span class='ocrx_word' id='word_1_98' title='bbox 260 1141 364 1173; x_wconf 90' lang='lat' dir='ltr'>seus</span> <span class='ocrx_word' id='word_1_99' title='bbox 398 1128 502 1174; x_wconf 89' lang='lat' dir='ltr'>belli</span> <span class='ocrx_word' id='word_1_100' title='bbox 526 1129 811 1175; x_wconf 88' lang='lat' dir='ltr'>calamitates</span> <span class='ocrx_word' id='word_1_101' title='bbox 836 1129 1098 1182; x_wconf 81' lang='lat' dir='ltr'>detestetur,</span> <span class='ocrx_word' id='word_1_102' title='bbox 1134 1131 1291 1174; x_wconf 88' lang='lat' dir='ltr'>tamen</span> <span class='ocrx_word' id='word_1_103' title='bbox 1315 1129 1567 1188; x_wconf 91' lang='lat' dir='ltr'>periculum</span> <span class='ocrx_word' id='word_1_104' title='bbox 1593 1129 1678 1174; x_wconf 89' lang='lat' dir='ltr'>sibi</span> <span class='ocrx_word' id='word_1_105' title='bbox 1702 1128 1928 1187; x_wconf 90' lang='lat' dir='ltr'>imponere</span> <span class='ocrx_word' id='word_1_106' title='bbox 1965 1142 2055 1173; x_wconf 91' lang='lat' dir='ltr'>non</span> 
     </span>
     <span class='ocr_line' id='line_1_14' title="bbox 257 1207 1785 1267; baseline 0.001 -15"><span class='ocrx_word' id='word_1_107' title='bbox 257 1209 511 1260; x_wconf 85' lang='lat' dir='ltr'>cunctatur,</span> <span class='ocrx_word' id='word_1_108' title='bbox 548 1207 667 1266; x_wconf 88' lang='lat' dir='ltr'>quod</span> <span class='ocrx_word' id='word_1_109' title='bbox 699 1207 796 1254; x_wconf 90' lang='lat' dir='ltr'>iure</span> <span class='ocrx_word' id='word_1_110' title='bbox 820 1208 1081 1267; x_wconf 85' lang='lat' dir='ltr'>patriaeque</span> <span class='ocrx_word' id='word_1_111' title='bbox 1115 1208 1335 1266; x_wconf 83' lang='lat' dir='ltr'>dignitate</span> <span class='ocrx_word' id='word_1_112' title='bbox 1370 1207 1535 1266; x_wconf 89' lang='lat' dir='ltr'>requiri</span> <span class='ocrx_word' id='word_1_113' title='bbox 1569 1207 1785 1253; x_wconf 86' lang='lat' dir='ltr'>videatur.</span> 
     </span>
    </p>
   </div>
   <div class='ocr_carea' id='block_1_4' title="bbox 257 1311 2061 1923">
    <p class='ocr_par' dir='ltr' id='par_1_4' title="bbox 257 1311 2061 1923">
     <span class='ocr_line' id='line_1_15' title="bbox 391 1311 2058 1371; baseline 0 -14"><span class='ocrx_word' id='word_1_114' title='bbox 391 1311 565 1369; x_wconf 81' lang='lat' dir='ltr'>Quibus</span> <span class='ocrx_word' id='word_1_115' title='bbox 612 1312 774 1359; x_wconf 88' lang='lat' dir='ltr'>Thesei</span> <span class='ocrx_word' id='word_1_116' title='bbox 807 1314 1007 1359; x_wconf 90' lang='lat' dir='ltr'>moribus</span> <span class='ocrx_word' id='word_1_117' title='bbox 1051 1315 1095 1359; x_wconf 90' lang='lat' dir='ltr'>et</span> <span class='ocrx_word' id='word_1_118' title='bbox 1137 1313 1272 1359; x_wconf 87' lang='lat' dir='ltr'>rebus</span> <span class='ocrx_word' id='word_1_119' title='bbox 1325 1313 1464 1371; x_wconf 86' lang='lat' dir='ltr'>gestis</span> <span class='ocrx_word' id='word_1_120' title='bbox 1511 1312 1610 1371; x_wconf 92' lang='lat' dir='ltr'>quis</span> <span class='ocrx_word' id='word_1_121' title='bbox 1645 1315 1714 1358; x_wconf 92' lang='lat' dir='ltr'>est</span> <span class='ocrx_word' id='word_1_122' title='bbox 1757 1313 1865 1371; x_wconf 90' lang='lat' dir='ltr'>quin</span> <span class='ocrx_word' id='word_1_123' title='bbox 1901 1311 2058 1357; x_wconf 90' lang='lat' dir='ltr'>admo-</span> 
     </span>
     <span class='ocr_line' id='line_1_16' title="bbox 260 1390 2060 1450; baseline -0.001 -14"><span class='ocrx_word' id='word_1_124' title='bbox 260 1393 426 1436; x_wconf 89' lang='lat' dir='ltr'>neatur</span> <span class='ocrx_word' id='word_1_125' title='bbox 476 1405 527 1436; x_wconf 89' lang='lat' dir='ltr'>ea</span> <span class='ocrx_word' id='word_1_126' title='bbox 577 1405 690 1450; x_wconf 90' lang='lat' dir='ltr'>quae</span> <span class='ocrx_word' id='word_1_127' title='bbox 733 1391 1018 1450; x_wconf 81' lang='lat' dir='ltr'>Thucydides</span> <span class='ocrx_word' id='word_1_128' title='bbox 1072 1392 1126 1438; x_wconf 91' lang='lat' dir='ltr'>de</span> <span class='ocrx_word' id='word_1_129' title='bbox 1173 1392 1356 1438; x_wconf 86' lang='lat' dir='ltr'>Periclis</span> <span class='ocrx_word' id='word_1_130' title='bbox 1404 1391 1793 1437; x_wconf 88' lang='lat' dir='ltr'>administratione</span> <span class='ocrx_word' id='word_1_131' title='bbox 1839 1390 2060 1437; x_wconf 77' lang='lat' dir='ltr'>tradidit?</span> 
     </span>
     <span class='ocr_line' id='line_1_17' title="bbox 259 1459 2058 1531; baseline -0.001 -17"><span class='ocrx_word' id='word_1_132' title='bbox 259 1468 398 1515; x_wconf 84' lang='lat' dir='ltr'>Cuius</span> <span class='ocrx_word' id='word_1_133' title='bbox 433 1470 544 1516; x_wconf 84' lang='lat' dir='ltr'>haec</span> <span class='ocrx_word' id='word_1_134' title='bbox 569 1473 675 1516; x_wconf 86' lang='lat' dir='ltr'>Sunt</span> <span class='ocrx_word' id='word_1_135' title='bbox 697 1471 832 1516; x_wconf 80' lang='lat' dir='ltr'>verba</span> <span class='ocrx_word' id='word_1_136' title='bbox 848 1472 907 1530; x_wconf 78' lang='grc'>6);</span> <span class='ocrx_word' id='word_1_137' title='bbox 946 1467 1155 1526; x_wconf 76' lang='grc' dir='ltr'><em>,,ἕκεῖνος</em></span> <span class='ocrx_word' id='word_1_138' title='bbox 1187 1468 1275 1529; x_wconf 77' lang='grc' dir='ltr'><em>μὲν</em></span> <span class='ocrx_word' id='word_1_139' title='bbox 1309 1462 1502 1524; x_wconf 72' lang='grc' dir='ltr'><em>δυνατὸς</em></span> <span class='ocrx_word' id='word_1_140' title='bbox 1537 1459 1600 1514; x_wconf 69' lang='grc' dir='ltr'><em>ὢν</em></span> <span class='ocrx_word' id='word_1_141' title='bbox 1633 1466 1701 1531; x_wconf 69' lang='grc' dir='ltr'>τῷ</span> <span class='ocrx_word' id='word_1_142' title='bbox 1735 1485 1785 1514; x_wconf 86' lang='grc' dir='ltr'><em>τε</em></span> <span class='ocrx_word' id='word_1_143' title='bbox 1818 1459 2058 1527; x_wconf 67' lang='grc' dir='ltr'><em>ἀξιώματι</em></span> 
     </span>
     <span class='ocr_line' id='line_1_18' title="bbox 258 1538 2056 1612; baseline -0.001 -20"><span class='ocrx_word' id='word_1_144' title='bbox 258 1545 340 1592; x_wconf 80' lang='grc' dir='ltr'>καὶ</span> <span class='ocrx_word' id='word_1_145' title='bbox 374 1544 430 1611; x_wconf 76' lang='grc' dir='ltr'>τῇ</span> <span class='ocrx_word' id='word_1_146' title='bbox 466 1540 624 1611; x_wconf 72' lang='grc' dir='ltr'><em>γνώμῃ</em></span> <span class='ocrx_word' id='word_1_147' title='bbox 662 1540 908 1611; x_wconf 79' lang='grc' dir='ltr'><em>χρημάτων</em></span> <span class='ocrx_word' id='word_1_148' title='bbox 941 1564 991 1594; x_wconf 88' lang='grc' dir='ltr'><em>τε</em></span> <span class='ocrx_word' id='word_1_149' title='bbox 1026 1546 1271 1612; x_wconf 76' lang='grc' dir='ltr'><em>διαφανῶς</em></span> <span class='ocrx_word' id='word_1_150' title='bbox 1304 1538 1603 1610; x_wconf 76' lang='grc' dir='ltr'><em>ἅδωρότατος</em></span> <span class='ocrx_word' id='word_1_151' title='bbox 1648 1541 1891 1609; x_wconf 79' lang='grc' dir='ltr'><em>γενόμενος</em></span> <span class='ocrx_word' id='word_1_152' title='bbox 1940 1563 2056 1592; x_wconf 74' lang='grc' dir='ltr'><em>κατ-</em></span> 
     </span>
     <span class='ocr_line' id='line_1_19' title="bbox 257 1616 2061 1690; baseline 0 -19"><span class='ocrx_word' id='word_1_153' title='bbox 257 1628 350 1684; x_wconf 81' lang='grc' dir='ltr'><em>εἶχε</em></span> <span class='ocrx_word' id='word_1_154' title='bbox 399 1620 454 1671; x_wconf 82' lang='grc' dir='ltr'>τὸ</span> <span class='ocrx_word' id='word_1_155' title='bbox 499 1624 695 1690; x_wconf 69' lang='grc' dir='ltr'><em>πλῆθος</em></span> <span class='ocrx_word' id='word_1_156' title='bbox 738 1624 1020 1689; x_wconf 72' lang='grc' dir='ltr'><em>ἐλευθέρως,</em></span> <span class='ocrx_word' id='word_1_157' title='bbox 1069 1627 1150 1673; x_wconf 76' lang='grc' dir='ltr'>καὶ</span> <span class='ocrx_word' id='word_1_158' title='bbox 1199 1617 1282 1673; x_wconf 72' lang='grc' dir='ltr'><em>οὖν.</em></span> <span class='ocrx_word' id='word_1_159' title='bbox 1323 1617 1459 1690; x_wconf 69' lang='grc' dir='ltr'><em>ἤγετο</em></span> <span class='ocrx_word' id='word_1_160' title='bbox 1503 1625 1681 1686; x_wconf 78' lang='grc' dir='ltr'><em>μᾶλλον</em></span> <span class='ocrx_word' id='word_1_161' title='bbox 1719 1617 1802 1672; x_wconf 62' lang='grc' dir='ltr'>ὑπ’</span> <span class='ocrx_word' id='word_1_162' title='bbox 1848 1617 1988 1672; x_wconf 69' lang='grc' dir='ltr'><em>αἰτοῦ</em></span> <span class='ocrx_word' id='word_1_163' title='bbox 2030 1616 2061 1689; x_wconf 69' lang='grc' dir='ltr'>ἢ</span> 
     </span>
     <span class='ocr_line' id='line_1_20' title="bbox 259 1693 2061 1768; baseline 0 -19"><span class='ocrx_word' id='word_1_164' title='bbox 259 1695 399 1760; x_wconf 69' lang='grc' dir='ltr'><em>αὐτὸς</em></span> <span class='ocrx_word' id='word_1_165' title='bbox 449 1693 542 1768; x_wconf 74' lang='grc' dir='ltr'><em>ἦγε,</em></span> <span class='ocrx_word' id='word_1_166' title='bbox 590 1698 671 1750; x_wconf 79' lang='grc' dir='ltr'>διὰ</span> <span class='ocrx_word' id='word_1_167' title='bbox 715 1698 770 1750; x_wconf 82' lang='grc' dir='ltr'>τὸ</span> <span class='ocrx_word' id='word_1_168' title='bbox 812 1698 878 1768; x_wconf 75' lang='grc' dir='ltr'>μὴ</span> <span class='ocrx_word' id='word_1_169' title='bbox 911 1699 1149 1764; x_wconf 78' lang='grc' dir='ltr'><em>κτώμενος</em></span> <span class='ocrx_word' id='word_1_170' title='bbox 1195 1703 1249 1763; x_wconf 75' lang='grc' dir='ltr'>ἐξ</span> <span class='ocrx_word' id='word_1_171' title='bbox 1281 1697 1333 1751; x_wconf 77' lang='grc' dir='ltr'>οὗ</span> <span class='ocrx_word' id='word_1_172' title='bbox 1367 1699 1703 1767; x_wconf 74' lang='grc' dir='ltr'><em>προσηκόντων</em></span> <span class='ocrx_word' id='word_1_173' title='bbox 1744 1698 1827 1768; x_wconf 70' lang='grc' dir='ltr'><em>τὴν</em></span> <span class='ocrx_word' id='word_1_174' title='bbox 1861 1698 2061 1763; x_wconf 68' lang='grc' dir='ltr'><em>ὁίιναμιν</em></span> 
     </span>
     <span class='ocr_line' id='line_1_21' title="bbox 258 1774 2061 1846; baseline 0 -19"><span class='ocrx_word' id='word_1_175' title='bbox 258 1776 381 1841; x_wconf 76' lang='grc' dir='ltr'>πρὸς</span> <span class='ocrx_word' id='word_1_176' title='bbox 414 1774 582 1846; x_wconf 75' lang='grc' dir='ltr'><em>ἡδονήν</em></span> <span class='ocrx_word' id='word_1_177' title='bbox 614 1800 661 1828; x_wconf 90' lang='grc' dir='ltr'>τι</span> <span class='ocrx_word' id='word_1_178' title='bbox 695 1781 860 1844; x_wconf 75' lang='grc' dir='ltr'><em>λέγειν,</em></span> <span class='ocrx_word' id='word_1_179' title='bbox 898 1774 1000 1829; x_wconf 65' lang='grc' dir='ltr'>ἀλλ’</span> <span class='ocrx_word' id='word_1_180' title='bbox 1049 1781 1164 1842; x_wconf 70' lang='grc' dir='ltr'><em>ἔχων</em></span> <span class='ocrx_word' id='word_1_181' title='bbox 1198 1774 1278 1829; x_wconf 63' lang='grc' dir='ltr'>ἐπ’</span> <span class='ocrx_word' id='word_1_182' title='bbox 1323 1774 1517 1841; x_wconf 69' lang='grc' dir='ltr'><em>ἀξιώσει</em></span> <span class='ocrx_word' id='word_1_183' title='bbox 1553 1782 1634 1829; x_wconf 76' lang='grc' dir='ltr'>καὶ</span> <span class='ocrx_word' id='word_1_184' title='bbox 1670 1777 1794 1843; x_wconf 79' lang='grc' dir='ltr'><em>πρὸς</em></span> <span class='ocrx_word' id='word_1_185' title='bbox 1829 1774 1968 1845; x_wconf 61' lang='grc' dir='ltr'><em>ὀργήν</em></span> <span class='ocrx_word' id='word_1_186' title='bbox 2013 1800 2061 1827; x_wconf 91' lang='grc' dir='ltr'>τι</span> 
     </span>
     <span class='ocr_line' id='line_1_22' title="bbox 259 1851 2061 1923; baseline 0 -17"><span class='ocrx_word' id='word_1_187' title='bbox 259 1851 514 1907; x_wconf 67' lang='grc' dir='ltr'><em>ἀντειπεῖν.</em></span> <span class='ocrx_word' id='word_1_188' title='bbox 570 1853 719 1907; x_wconf 76' lang='grc' dir='ltr'><em>ὁπότε</em></span> <span class='ocrx_word' id='word_1_189' title='bbox 770 1859 877 1923; x_wconf 62' lang='grc' dir='ltr'><em>γοῦν</em></span> <span class='ocrx_word' id='word_1_190' title='bbox 928 1856 1156 1908; x_wconf 67' lang='grc' dir='ltr'><em>αἱσθοιτό</em></span> <span class='ocrx_word' id='word_1_191' title='bbox 1206 1879 1254 1907; x_wconf 90' lang='grc' dir='ltr'>τι</span> <span class='ocrx_word' id='word_1_192' title='bbox 1306 1852 1472 1917; x_wconf 64' lang='grc' dir='ltr'><em>αὖτοὺς</em></span> <span class='ocrx_word' id='word_1_193' title='bbox 1524 1855 1656 1923; x_wconf 79' lang='grc' dir='ltr'><em>παρὰ</em></span> <span class='ocrx_word' id='word_1_194' title='bbox 1712 1854 1875 1921; x_wconf 77' lang='grc' dir='ltr'><em>καιρὸν</em></span> <span class='ocrx_word' id='word_1_195' title='bbox 1931 1852 2061 1922; x_wconf 49' lang='grc' dir='ltr'><em>ὕβρει</em></span> 
     </span>
    </p>
   </div>
   <div class='ocr_carea' id='block_1_5' title="bbox 260 2069 1969 3054">
    <p class='ocr_par' dir='ltr' id='par_1_5' title="bbox 393 2069 1593 2264">
     <span class='ocr_line' id='line_1_23' title="bbox 394 2069 1129 2120; baseline 0 -11"><span class='ocrx_word' id='word_1_196' title='bbox 394 2069 422 2119; x_wconf 84' lang='lat'>1)</span> <span class='ocrx_word' id='word_1_197' title='bbox 451 2069 507 2109; x_wconf 86' lang='lat' dir='ltr'>Cf.</span> <span class='ocrx_word' id='word_1_198' title='bbox 535 2070 625 2109; x_wconf 90' lang='lat' dir='ltr'>ibid.</span> <span class='ocrx_word' id='word_1_199' title='bbox 655 2083 693 2109; x_wconf 84' lang='lat' dir='ltr'>V.</span> <span class='ocrx_word' id='word_1_200' title='bbox 725 2071 796 2109; x_wconf 82' lang='lat'>591</span> <span class='ocrx_word' id='word_1_201' title='bbox 828 2082 911 2120; x_wconf 87' lang='lat' dir='ltr'>sqq.</span> <span class='ocrx_word' id='word_1_202' title='bbox 943 2071 1016 2110; x_wconf 81' lang='lat'>707</span> <span class='ocrx_word' id='word_1_203' title='bbox 1046 2082 1129 2120; x_wconf 87' lang='lat' dir='ltr'>sqq.</span> 
     </span>
     <span class='ocr_line' id='line_1_24' title="bbox 393 2135 911 2186; baseline 0.002 -12"><span class='ocrx_word' id='word_1_204' title='bbox 393 2136 423 2184; x_wconf 75' lang='grc'>2)</span> <span class='ocrx_word' id='word_1_205' title='bbox 452 2135 508 2174; x_wconf 89' lang='lat' dir='ltr'>Cf.</span> <span class='ocrx_word' id='word_1_206' title='bbox 535 2136 626 2175; x_wconf 85' lang='lat' dir='ltr'>ibid.</span> <span class='ocrx_word' id='word_1_207' title='bbox 656 2149 694 2175; x_wconf 77' lang='lat' dir='ltr'>V.</span> <span class='ocrx_word' id='word_1_208' title='bbox 726 2137 800 2174; x_wconf 76' lang='lat'>723</span> <span class='ocrx_word' id='word_1_209' title='bbox 829 2148 911 2186; x_wconf 90' lang='lat' dir='ltr'>sqq.</span> 
     </span>
     <span class='ocr_line' id='line_1_25' title="bbox 916 2209 1593 2264; baseline -0.001 -13"><span class='ocrx_word' id='word_1_210' title='bbox 916 2209 1046 2264; x_wconf 78' lang='grc' dir='ltr'><em>παρὸν</em></span> <span class='ocrx_word' id='word_1_211' title='bbox 1075 2212 1118 2251; x_wconf 78' lang='grc' dir='ltr'>δὲ</span> <span class='ocrx_word' id='word_1_212' title='bbox 1145 2218 1310 2263; x_wconf 70' lang='grc' dir='ltr'><em>τειχέων</em></span> <span class='ocrx_word' id='word_1_213' title='bbox 1339 2215 1432 2250; x_wconf 79' lang='grc' dir='ltr'><em>εἴσω</em></span> <span class='ocrx_word' id='word_1_214' title='bbox 1458 2212 1593 2263; x_wconf 69' lang='grc' dir='ltr'><em>μολεῖν</em></span> 
     </span>
    </p>

    <p class='ocr_par' dir='ltr' id='par_1_6' title="bbox 657 2274 1605 2393">
     <span class='ocr_line' id='line_1_26' title="bbox 659 2274 1605 2330; baseline 0 -15"><span class='ocrx_word' id='word_1_215' title='bbox 659 2274 807 2324; x_wconf 56' lang='grc' dir='ltr'><em>Θησεὺς</em></span> <span class='ocrx_word' id='word_1_216' title='bbox 836 2281 1020 2327; x_wconf 69' lang='grc' dir='ltr'><em>ἐπέσχεν·</em></span> <span class='ocrx_word' id='word_1_217' title='bbox 1051 2274 1094 2316; x_wconf 74' lang='grc' dir='ltr'>οὗ</span> <span class='ocrx_word' id='word_1_218' title='bbox 1121 2275 1197 2330; x_wconf 71' lang='grc' dir='ltr'>γὰρ</span> <span class='ocrx_word' id='word_1_219' title='bbox 1224 2275 1275 2318; x_wconf 67' lang='grc' dir='ltr'>ὡς</span> <span class='ocrx_word' id='word_1_220' title='bbox 1302 2284 1463 2328; x_wconf 73' lang='grc' dir='ltr'><em>πέρσων</em></span> <span class='ocrx_word' id='word_1_221' title='bbox 1490 2277 1605 2316; x_wconf 68' lang='grc' dir='ltr'><em>πόλιν</em></span> 
     </span>
     <span class='ocr_line' id='line_1_27' title="bbox 657 2338 1566 2393; baseline 0.002 -14"><span class='ocrx_word' id='word_1_222' title='bbox 657 2341 793 2391; x_wconf 72' lang='grc' dir='ltr'><em>μολεῖν</em></span> <span class='ocrx_word' id='word_1_223' title='bbox 821 2347 1002 2393; x_wconf 70' lang='grc' dir='ltr'><em>ἔφασκεν,</em></span> <span class='ocrx_word' id='word_1_224' title='bbox 1034 2338 1117 2380; x_wconf 61' lang='grc' dir='ltr'>ἀλλ’</span> <span class='ocrx_word' id='word_1_225' title='bbox 1147 2338 1385 2391; x_wconf 63' lang='grc' dir='ltr'><em>ἀπαιτήσων</em></span> <span class='ocrx_word' id='word_1_226' title='bbox 1411 2341 1566 2393; x_wconf 57' lang='grc' dir='ltr'><em>νεκροῖς</em></span> 
     </span>
    </p>

    <p class='ocr_par' dir='ltr' id='par_1_7' title="bbox 395 2426 1487 2479">
     <span class='ocr_line' id='line_1_28' title="bbox 395 2426 1487 2479; baseline 0.001 -12"><span class='ocrx_word' id='word_1_227' title='bbox 395 2427 425 2477; x_wconf 81' lang='lat'>3)</span> <span class='ocrx_word' id='word_1_228' title='bbox 453 2427 508 2467; x_wconf 81' lang='lat' dir='ltr'>Cf.</span> <span class='ocrx_word' id='word_1_229' title='bbox 536 2426 561 2466; x_wconf 91' lang='lat'>1.</span> <span class='ocrx_word' id='word_1_230' title='bbox 592 2439 625 2466; x_wconf 89' lang='grc'>0.</span> <span class='ocrx_word' id='word_1_231' title='bbox 653 2427 695 2466; x_wconf 89' lang='lat' dir='ltr'><strong>H</strong></span> <span class='ocrx_word' id='word_1_232' title='bbox 721 2440 807 2478; x_wconf 85' lang='lat' dir='ltr'>pag.</span> <span class='ocrx_word' id='word_1_233' title='bbox 836 2428 897 2467; x_wconf 81' lang='lat'>91.</span> <span class='ocrx_word' id='word_1_234' title='bbox 954 2427 1088 2477; x_wconf 80' lang='lat' dir='ltr'>Suppl.</span> <span class='ocrx_word' id='word_1_235' title='bbox 1116 2429 1233 2477; x_wconf 84' lang='lat' dir='ltr'>praef.</span> <span class='ocrx_word' id='word_1_236' title='bbox 1262 2441 1348 2479; x_wconf 87' lang='lat' dir='ltr'>pag.</span> <span class='ocrx_word' id='word_1_237' title='bbox 1379 2431 1401 2468; x_wconf 82' lang='lat'>5</span> <span class='ocrx_word' id='word_1_238' title='bbox 1431 2428 1487 2479; x_wconf 71' lang='lat' dir='ltr'>sq.</span> 
     </span>
    </p>

    <p class='ocr_par' dir='ltr' id='par_1_8' title="bbox 396 2493 1540 2688">
     <span class='ocr_line' id='line_1_29' title="bbox 396 2493 932 2545; baseline -0.002 -11"><span class='ocrx_word' id='word_1_239' title='bbox 396 2494 427 2545; x_wconf 80' lang='lat'>4)</span> <span class='ocrx_word' id='word_1_240' title='bbox 457 2493 512 2534; x_wconf 87' lang='lat' dir='ltr'>Cf.</span> <span class='ocrx_word' id='word_1_241' title='bbox 542 2493 676 2544; x_wconf 82' lang='lat' dir='ltr'>Suppl.</span> <span class='ocrx_word' id='word_1_242' title='bbox 704 2506 743 2533; x_wconf 82' lang='lat' dir='ltr'>v.</span> <span class='ocrx_word' id='word_1_243' title='bbox 774 2494 849 2533; x_wconf 77' lang='lat'>352</span> <span class='ocrx_word' id='word_1_244' title='bbox 877 2506 932 2544; x_wconf 85' lang='lat' dir='ltr'>sq.</span> 
     </span>
     <span class='ocr_line' id='line_1_30' title="bbox 657 2567 1540 2623; baseline 0.001 -15"><span class='ocrx_word' id='word_1_245' title='bbox 657 2576 721 2608; x_wconf 81' lang='grc' dir='ltr'>καὶ</span> <span class='ocrx_word' id='word_1_246' title='bbox 748 2568 824 2623; x_wconf 70' lang='grc' dir='ltr'>γὰρ</span> <span class='ocrx_word' id='word_1_247' title='bbox 851 2567 1062 2618; x_wconf 54' lang='grc' dir='ltr'><em>κατέστησ)</em></span> <span class='ocrx_word' id='word_1_248' title='bbox 1091 2568 1211 2608; x_wconf 41' lang='lat' dir='ltr'>azizim</span> <span class='ocrx_word' id='word_1_249' title='bbox 1239 2573 1292 2611; x_wconf 75' lang='grc' dir='ltr'><em>εἰς</em></span> <span class='ocrx_word' id='word_1_250' title='bbox 1319 2567 1540 2621; x_wconf 69' lang='grc' dir='ltr'><em>αὗταρχίαν</em></span> 
     </span>
     <span class='ocr_line' id='line_1_31' title="bbox 658 2630 1452 2688; baseline -0.003 -14"><span class='ocrx_word' id='word_1_251' title='bbox 658 2633 929 2688; x_wconf 73' lang='grc' dir='ltr'><em>ἐλευθερώσας</em></span> <span class='ocrx_word' id='word_1_252' title='bbox 955 2630 1067 2684; x_wconf 65' lang='grc' dir='ltr'><em>τήνδ’</em></span> <span class='ocrx_word' id='word_1_253' title='bbox 1098 2633 1300 2687; x_wconf 62' lang='grc' dir='ltr'><em>ἰσόψηφον</em></span> <span class='ocrx_word' id='word_1_254' title='bbox 1327 2634 1452 2674; x_wconf 73' lang='grc' dir='ltr'><em>πόλιν,</em></span> 
     </span>
    </p>

    <p class='ocr_par' dir='ltr' id='par_1_9' title="bbox 260 2714 1969 2766">
     <span class='ocr_line' id='line_1_32' title="bbox 260 2714 1969 2766; baseline -0.002 -11"><span class='ocrx_word' id='word_1_255' title='bbox 260 2715 371 2765; x_wconf 84' lang='lat' dir='ltr'>(Cod.</span> <span class='ocrx_word' id='word_1_256' title='bbox 401 2717 454 2755; x_wconf 77' lang='grc' dir='ltr'><em>εἰς</em></span> <span class='ocrx_word' id='word_1_257' title='bbox 480 2720 714 2766; x_wconf 76' lang='grc' dir='ltr'><em>μοναρχίαν,</em></span> <span class='ocrx_word' id='word_1_258' title='bbox 745 2727 839 2754; x_wconf 89' lang='lat' dir='ltr'>corr.</span> <span class='ocrx_word' id='word_1_259' title='bbox 870 2716 959 2753; x_wconf 81' lang='lat' dir='ltr'>Otto</span> <span class='ocrx_word' id='word_1_260' title='bbox 987 2714 1129 2753; x_wconf 88' lang='lat' dir='ltr'>Hense.</span> <span class='ocrx_word' id='word_1_261' title='bbox 1185 2715 1352 2753; x_wconf 87' lang='lat' dir='ltr'>Exercit.</span> <span class='ocrx_word' id='word_1_262' title='bbox 1383 2716 1466 2753; x_wconf 84' lang='lat' dir='ltr'>crit.</span> <span class='ocrx_word' id='word_1_263' title='bbox 1521 2715 1609 2753; x_wconf 90' lang='lat' dir='ltr'>Hal.</span> <span class='ocrx_word' id='word_1_264' title='bbox 1642 2714 1742 2753; x_wconf 78' lang='lat'>1868</span> <span class='ocrx_word' id='word_1_265' title='bbox 1771 2727 1855 2763; x_wconf 84' lang='lat' dir='ltr'>pag.</span> <span class='ocrx_word' id='word_1_266' title='bbox 1889 2714 1969 2762; x_wconf 84' lang='lat'>11.)</span> 
     </span>
    </p>

    <p class='ocr_par' dir='ltr' id='par_1_10' title="bbox 394 2794 1556 3054">
     <span class='ocr_line' id='line_1_33' title="bbox 394 2794 958 2845; baseline -0.002 -11"><span class='ocrx_word' id='word_1_267' title='bbox 394 2795 424 2845; x_wconf 82' lang='lat'>⁵)</span> <span class='ocrx_word' id='word_1_268' title='bbox 454 2794 510 2834; x_wconf 83' lang='lat' dir='ltr'>Cf.</span> <span class='ocrx_word' id='word_1_269' title='bbox 541 2794 674 2844; x_wconf 86' lang='lat' dir='ltr'>Suppl.</span> <span class='ocrx_word' id='word_1_270' title='bbox 703 2807 740 2834; x_wconf 81' lang='lat' dir='ltr'>v,</span> <span class='ocrx_word' id='word_1_271' title='bbox 772 2795 847 2833; x_wconf 84' lang='lat'>349</span> <span class='ocrx_word' id='word_1_272' title='bbox 876 2806 958 2844; x_wconf 88' lang='lat' dir='ltr'>sqq.</span> 
     </span>
     <span class='ocr_line' id='line_1_34' title="bbox 656 2868 1498 2924; baseline -0.002 -15"><span class='ocrx_word' id='word_1_273' title='bbox 656 2869 768 2915; x_wconf 74' lang='grc' dir='ltr'><em>δόξαι</em></span> <span class='ocrx_word' id='word_1_274' title='bbox 798 2870 841 2909; x_wconf 83' lang='grc' dir='ltr'>δὲ</span> <span class='ocrx_word' id='word_1_275' title='bbox 864 2869 1001 2924; x_wconf 75' lang='grc' dir='ltr'><em>χρῄζω</em></span> <span class='ocrx_word' id='word_1_276' title='bbox 1027 2874 1091 2907; x_wconf 82' lang='grc' dir='ltr'>καὶ</span> <span class='ocrx_word' id='word_1_277' title='bbox 1119 2868 1230 2908; x_wconf 73' lang='grc' dir='ltr'><em>πόλει</em></span> <span class='ocrx_word' id='word_1_278' title='bbox 1258 2869 1367 2923; x_wconf 74' lang='grc' dir='ltr'><em>πάσῃ</em></span> <span class='ocrx_word' id='word_1_279' title='bbox 1396 2869 1498 2908; x_wconf 79' lang='grc' dir='ltr'><em>τόδε.</em></span> 
     </span>
     <span class='ocr_line' id='line_1_35' title="bbox 659 2932 1528 2988; baseline -0.001 -12"><span class='ocrx_word' id='word_1_280' title='bbox 659 2936 763 2980; x_wconf 77' lang='grc' dir='ltr'><em>δόξει</em></span> <span class='ocrx_word' id='word_1_281' title='bbox 791 2933 924 2986; x_wconf 48' lang='lat' dir='ltr'>&amp;aquai</span> <span class='ocrx_word' id='word_1_282' title='bbox 954 2935 1161 2977; x_wconf 69' lang='grc' dir='ltr'><em>θέλοντος·</em></span> <span class='ocrx_word' id='word_1_283' title='bbox 1192 2932 1289 2974; x_wconf 64' lang='grc' dir='ltr'>ἀλλὰ</span> <span class='ocrx_word' id='word_1_284' title='bbox 1317 2937 1387 2974; x_wconf 75' lang='grc' dir='ltr'>τοῦ</span> <span class='ocrx_word' id='word_1_285' title='bbox 1413 2934 1528 2988; x_wconf 74' lang='grc' dir='ltr'><em>λόγου</em></span> 
     </span>
     <span class='ocr_line' id='line_1_36' title="bbox 656 2997 1556 3054; baseline -0.003 -13"><span class='ocrx_word' id='word_1_286' title='bbox 656 2998 852 3054; x_wconf 66' lang='grc' dir='ltr'><em>προσδοὺς</em></span> <span class='ocrx_word' id='word_1_287' title='bbox 879 2997 1003 3053; x_wconf 55' lang='grc' dir='ltr'><em>ἑχοιμ)</em></span> <span class='ocrx_word' id='word_1_288' title='bbox 1034 2997 1083 3038; x_wconf 70' lang='grc' dir='ltr'><em>(ἲν</em></span> <span class='ocrx_word' id='word_1_289' title='bbox 1110 2999 1238 3052; x_wconf 79' lang='grc' dir='ltr'><em>δῆμον</em></span> <span class='ocrx_word' id='word_1_290' title='bbox 1266 2997 1556 3052; x_wconf 65' lang='grc' dir='ltr'><em>εὗμενέστερον.</em></span> 
     </span>
    </p>
   </div>
   <div class='ocr_carea' id='block_1_6' title="bbox 395 3082 727 3134">
    <p class='ocr_par' dir='ltr' id='par_1_11' title="bbox 395 3082 727 3134">
     <span class='ocr_line' id='line_1_37' title="bbox 395 3082 727 3134; baseline -0.003 -11"><span class='ocrx_word' id='word_1_291' title='bbox 395 3082 727 3134; x_wconf 55' lang='lat' dir='ltr'>ooenffis</span> 
     </span>
    </p>
   </div>
  </div>
 </body>
</html>
