2281 3492
1149 108 1206 152 31

269 277 407 309 suam
442 262 552 308 adeo
584 264 816 314 auxerant,
852 265 917 315 ut,
954 262 992 307 si
1016 262 1204 320 Argivos
1230 276 1407 320 quoque
1434 262 1518 307 31111
1543 262 1869 316 adiunxissent,
1907 263 2083 308 bellum

269 341 433 386 statim
477 353 691 385 renovare
740 340 982 399 potuerint.
1051 339 1150 384 Hoc
1201 342 1356 384 autem
1407 340 1455 384 in
1505 341 1657 385 animo
1703 341 1758 385 iis
1811 340 1951 385 fuisse
2013 341 2084 385 vel

270 418 378 464 inde
441 420 648 478 apparet,
691 418 810 476 quod
857 418 1044 476 ephoros
1091 417 1199 463 belli
1243 417 1468 462 studiosos
1512 418 1558 462 in
1606 432 1778 484 annum
1823 419 1916 462 420
1963 432 2087 463 crea-

274 499 435 542 verant
454 498 503 557 1).
574 495 800 553 Quoniam
839 496 1002 554 igitur,
1057 496 1149 542 sive
1194 495 1352 540 foedus
1388 496 1659 553 Argivorum
1704 496 1959 555 acciperent
1995 497 2085 541 sive

271 574 565 634 repudiarent
599 575 925 624 Athenienses,
961 574 1132 619 1101111111
1167 575 1372 619 renovari
1423 574 1666 619 verisimile
1702 578 1818 627 erat,
1864 588 1943 619 suo
1987 575 2084 620 iure

273 653 514 713 Euripides
550 653 737 711 Argivos
785 653 925 699 socios
975 649 1061 698 sibi
1106 652 1357 698 adsciscere
1404 666 1543 711 quam
1578 652 1624 697 in
1660 653 1861 698 hostium
1897 666 2085 698 numero

273 733 442 778 habere
477 731 655 786 maluit,
695 731 965 791 praesertim
1001 745 1107 777 cum
1141 731 1412 789 Argivorum
1449 731 1609 776 civitas
1646 731 1742 790 pari
1778 733 1912 790 atque
1948 731 2087 776 Athe-

276 811 504 856 niensium
539 810 725 869 imperio
762 813 995 868 regeretur
1029 812 1075 854 et
1109 823 1159 855 eo
1196 812 1397 868 tempore
1432 809 1590 868 opibus
1627 810 1854 868 copiisque
1890 811 2088 855 maxime

278 888 459 935 floreret
475 889 525 946 2).

411 993 536 1049 Quae
572 1007 678 1037 011111
713 993 778 1037 ita
813 993 916 1046 sint,
953 1007 1042 1037 non
1079 995 1148 1037 est
1183 1006 1322 1037 causa
1358 1006 1438 1037 cur
1472 992 1735 1050 Euripidem
1776 993 1900 1050 pacis
1937 1006 2090 1036 amore

275 1074 538 1131 permotum
573 1071 828 1130 improbare
864 1071 1135 1129 Argivorum
1173 1070 1331 1117 foedus
1368 1070 1577 1116 debuisse
1612 1070 1878 1116 iudicemus.

410 1168 477 1214 Ex
527 1168 602 1221 iis‘
636 1182 750 1228 quae
797 1168 948 1214 adhuc
995 1168 1328 1228 disputavimus
1377 1168 1488 1214 satis
1541 1170 1732 1228 apparet
1782 1182 1938 1214 omnes
1992 1169 2091 1214 ilios

275 1249 412 1299 locos,
448 1248 612 1306 quibus
656 1248 812 1293 foedus
857 1249 1126 1305 Argivorum
1161 1249 1367 1305 tangitur
1401 1249 1469 1292 vel
1517 1247 1876 1299 commendatur,
1926 1248 2095 1293 scilicet

278 1340 320 1371 v.
352 1341 392 1371 v.
433 1326 777 1379 lisa-1195,
827 1326 1105 1379 127—130,
1154 1326 1435 1377 184-192,
1489 1326 1772 1379 220—228,
1820 1326 2094 1378 321—325,

278 1404 339 1449 ad
376 1417 451 1450 eas
487 1417 558 1449 res
611 1405 825 1463 spectare,
862 1417 975 1462 quas
1022 1403 1148 1449 initio
1196 1403 1287 1448 fere
1324 1403 1686 1463 Elaphebolionis
1736 1403 1847 1448 anni
1890 1404 1984 1448 420
2026 1404 2097 1449 vel

278 1483 438 1542 paucis
488 1482 646 1527 diebus
694 1485 798 1527 ante
833 1482 978 1527 factas
1014 1496 1112 1527 esse
1159 1482 1223 1526 ve]
1274 1485 1375 1526 tum
1422 1482 1614 1527 Athenis
1660 1482 1911 1527 innotuisse
1959 1496 2096 1540 supra

279 1561 492 1605 diximus.
553 1560 662 1605 Inde
698 1563 854 1605 autem
889 1560 1004 1606 duae
1039 1574 1110 1605 res
1136 1560 1418 1605 efficiuntur:
1457 1564 1502 1605 et
1536 1563 1716 1618 1011111113
1752 1564 1880 1605 actae
1907 1560 2088 1606 fabulae

280 1653 309 1684 a
344 1639 470 1685 nobis
505 1641 626 1684 recte
662 1638 899 1683 definitum
935 1652 1031 1684 esse
1077 1640 1122 1683 et
1156 1637 1363 1684 fabulam
1398 1638 1572 1697 ipsam,
1623 1638 1805 1697 qualem
1848 1652 1970 1684 nunc
2017 1639 2099 1683 ha-

282 1718 459 1772 bemus,
495 1718 565 1763 vel
599 1717 749 1776 potius
785 1731 858 1763 eos
893 1718 1036 1770 locos,
1073 1730 1185 1775 quos
1221 1717 1589 1771 memoravimus,
1625 1731 1714 1762 non
1749 1717 1852 1776 plus
1897 1717 2097 1763 sedecim

281 1796 462 1840 dierum
509 1796 652 1853 spatio
699 1796 818 1840 inter
857 1795 1040 1839 initium
1076 1796 1191 1840 veris
1239 1799 1284 1840 et
1317 1795 1536 1852 Dionysia
1592 1809 1760 1851 magna
1806 1796 2042 1841 interiecto
2059 1797 2096 1855 3)

282 1874 563 1932 conscriptos
611 1888 721 1919 esse.
804 1872 893 1918 Sed
938 1875 991 1918 ut
1024 1875 1120 1918 tota
1162 1872 1318 1918 fabula
1353 1874 1451 1917 tam
1494 1873 1615 1918 brevi
1651 1876 1854 1931 tempore
1890 1874 2099 1932 componi

281 1951 480 2011 potuerit
525 1951 653 1997 valde
688 1965 853 1997 vereor.
933 1951 1093 1997 Zastra
1129 1951 1314 2010 quidem
1362 1965 1470 1996 cum
1515 1951 1670 1996 Nicias
1717 1951 1774 1996 ad
1809 1952 2099 2011 temptandos

286 2030 623 2089 Spartiatarum
659 2030 836 2074 animos
873 2030 1210 2075 Lacedaemone
1248 2032 1528 2083 versaretur,
1581 2029 1845 2088 Euripidem
1881 2031 1939 2075 ab
1975 2031 2099 2075 Alci-

284 2108 416 2153 biade
441 2108 693 2166 impulsum
728 2108 933 2153 fabulam
958 2108 1164 2153 docuisse
1190 2110 1235 2153 et
1268 2107 1396 2153 Nicia
1433 2122 1610 2154 reverso
1645 2108 1691 2153 in
1730 2122 1943 2154 scaenam
1979 2123 2102 2153 com-

285 2185 468 2230 misisse
493 2186 704 2244 opinatur
717 2187 767 2245 4).
838 2186 965 2230 Haec
1001 2188 1158 2230 autem
1193 2186 1420 2230 sententia
1454 2186 1525 2230 vel
1561 2200 1610 2230 eo
1647 2200 1829 2244 prorsus
1865 2187 2101 2237 refellitur,

284 2264 406 2323 quod
442 2264 595 2310 Nicias
633 2265 708 2310 24.
746 2264 816 2310 die
852 2264 1215 2324 Elaphebolionis
1271 2263 1461 2324 Spartae
1508 2267 1714 2310 versatus
1750 2267 1838 2320 est,
1874 2264 2103 2323 Dionysiis

289 2343 432 2402 igitur
476 2343 678 2388 nondum
715 2343 918 2388 Athenas
964 2343 1162 2388 redierat
1177 2345 1229 2403 5).
1307 2343 1366 2388 Et
1411 2344 1516 2388 licet
1561 2344 1779 2389 concedas
1828 2346 1924 2387 tam
1968 2344 2102 2387 breve

287 2421 491 2479 spatium
527 2420 584 2465 ad
618 2420 822 2465 fabulam
858 2421 915 2465 ab
950 2421 1164 2466 archonte
1199 2421 1480 2480 probandam
1517 2423 1653 2479 atque
1688 2420 2020 2465 admittendam
2057 2423 2102 2464 et

286 2512 315 2543 a
350 2500 482 2557 poeta
527 2498 778 2543 docendam
822 2497 1078 2554 suffecisse,
1133 2513 1220 2557 (1110
1263 2499 1452 2544 tandem
1487 2501 1686 2556 tempore
1722 2511 1824 2542 eam
1870 2497 1942 2542 hic
1978 2511 2102 2542 com—

425 2704 452 2751 1)
482 2704 538 2742 Cf.
569 2704 689 2743 Thuo.
719 2704 767 2743 V.
798 2705 859 2751 36,
891 2706 925 2742 1.

424 2769 453 2814 ²)
483 2768 539 2808 Cf.
568 2769 680 2808 Diod.
708 2769 792 2807 XII
821 2770 881 2817 75,
913 2770 947 2808 6.
1004 2769 1098 2808 Bus.
1127 2768 1152 2807 1.
1190 2781 1222 2807 0.
1265 2780 1351 2817 pag.
1393 2767 1441 2805 81
1473 2779 1554 2816 sqq.
1611 2766 1718 2804 Thuc
1761 2766 1798 2802 V
1828 2766 1894 2815 28,
1923 2767 1946 2805 2
1986 2769 2030 2804 οἵ
2060 2784 2105 2805 τε

283 2829 452 2885 Ἀργεῖοι
503 2829 646 2883 ἄριστα
700 2836 822 2882 ἔσχον
871 2838 952 2873 τοῖς
1006 2833 1150 2877 πᾶσιν,
1194 2828 1238 2870 οὗ
1285 2829 1547 2881 ξυναράμειυι
1593 2831 1663 2868 To?
1693 2827 1872 2869 j—lrrmof·
1916 2832 2105 2883 πολέμιον,

287 2895 529 2949 ἀμφοτέροις
558 2897 601 2934 δὲ
628 2897 781 2946 μᾶλλον
810 2897 1022 2935 ἑνσποιδοι
1052 2894 1160 2936 ὄντες
1189 2895 1549 2946 ἑκκαρπωσάμενοι.

422 2964 451 3014 3)
481 2963 537 3002 Cf.
567 2975 685 3012 supra
712 2975 799 3013 pag.
831 2964 878 3002 19
907 2963 994 3001 adn.
1027 2963 1059 3001 1.

421 3030 451 3077 4)
481 3028 538 3067 Cf.
567 3028 591 3066 l.
623 3041 654 3066 0.
684 3040 771 3077 pag.
803 3028 863 3066 10.

420 3097 452 3144 ⁵)
482 3093 538 3134 Cf.
558 3093 678 3133 Thuc.
700 3093 736 3131 V
755 3093 818 3143 46,
839 3094 864 3131 4
892 3094 930 3131 et
959 3105 1058 3143 quae
1086 3105 1203 3143 supra
1231 3092 1519 3143 disputavimus
1548 3105 1634 3143 pag.
1658 3093 1707 3132 18
1729 3105 1786 3144 sq.
