2281 3492
1164 87 1224 132 41

299 242 438 289 bilem
472 244 609 303 atque
644 244 992 300 inconstantem,
1029 245 1197 305 quique
1231 244 1364 291 modo
1399 245 1440 291 ei
1463 245 1751 304 gratissimus
1769 244 1917 300 fuerit,
1955 244 2105 290 subito

297 321 345 366 in
388 322 483 367 eius
529 323 748 369 invidiam
800 324 1023 376 incidere3
1079 324 1125 368 in
1170 324 1453 369 contionibus
1505 338 1608 370 eam
1650 325 1884 370 rhetorum
1928 324 2103 369 artibus

297 403 471 447 temere
514 400 733 448 adsentiri
766 416 913 462 neque
948 401 1172 449 orationes
1208 402 1476 457 diiudicare,
1512 416 1618 448 cum
1652 402 1707 448 de
1740 402 1932 448 summis
1967 402 2102 447 rebus

297 479 484 525 consilia
507 479 681 540 capiat“
700 482 748 541 1).
808 481 895 527 His
930 481 1092 536 verbis,
1128 480 1214 527 etsi
1235 481 1468 540 praeconis
1502 480 1705 527 The-bani
1731 484 1839 526 sunt
1871 481 2100 540 popularis

296 558 483 618 imperio
517 559 703 615 inimici,
739 562 897 607 tamen
919 559 1149 620 Euripidis
1172 560 1314 619 ipsius
1340 560 1612 606 sententiam
1636 560 1854 606 declarari
1889 560 1959 606 vel
1992 559 2097 604 inde

297 639 437 697 patet,
483 638 600 697 quod
637 653 690 685 ea
725 653 752 685 a
794 639 966 686 Theseo
1000 653 1092 685 non
1133 638 1399 686 refelluntur
1434 639 1687 698 similiaque
1728 639 1926 684 convicia
1960 638 2099 684 etiam

298 715 397 762 aliis
445 717 646 776 personis
682 717 959 773 tribuuntur,
1005 717 1229 777 imprimis
1274 717 1328 763 de
1371 717 1624 763 temerariis
1657 717 1809 776 populi
1843 716 2103 762 adsentato-

296 795 423 841 ribus
471 798 515 842 et
560 797 798 842 iuvenibus
843 796 1060 856 pecuniae
1105 797 1362 855 gloriaeque
1397 796 1594 855 cupidis,
1640 797 1719 854 qui
1762 796 1831 841 sui
1877 795 2099 841 commodi

298 886 438 920 causa
474 874 592 920 cives
634 874 826 935 perdant
860 877 905 921 et
943 875 1116 936 patriae
1151 874 1326 920 famam
1366 874 1487 934 apud
1527 876 1698 920 exteros
1739 874 2034 919 dehonestent
2048 874 2099 933 2).

433 991 720 1039 Effrenatum
762 993 925 1052 vulgus
966 1007 1073 1039 cum
1107 993 1191 1039 tali
1232 993 1365 1039 modo
1408 993 1582 1053 patriae
1617 993 1677 1038 sit
1720 992 1932 1052 perniciei
1966 995 2101 1051 atque

299 1071 526 1125 dedecori,
562 1072 729 1129 optime
778 1072 982 1116 omnium
1017 1073 1156 1117 saluti
1191 1072 1453 1125 consulitur,
1490 1072 1527 1116 si
1560 1071 1898 1116 moderatorum
1933 1071 2100 1116 civium

296 1149 415 1208 parti
459 1162 507 1194 re
552 1149 733 1208 publica
767 1149 1010 1195 commissa
1043 1163 1181 1209 penes
1214 1150 1352 1195 bonos
1398 1152 1444 1195 et
1478 1149 1596 1194 cives
1643 1151 1689 1194 et
1724 1148 1860 1194 duces
1900 1147 2099 1207 potentia

296 1229 379 1273 est.
431 1226 492 1273 Et
526 1227 675 1286 qualis
711 1228 854 1274 bonus
890 1228 998 1274 civis
1033 1242 1130 1275 esse
1159 1228 1333 1283 debeat,
1371 1228 1536 1274 diserte
1572 1228 1826 1287 expositum
1849 1227 2097 1286 reperimus

293 1306 343 1351 in
388 1306 572 1352 Adrasti
605 1307 866 1353 laudatione
910 1307 1113 1362 funebri,
1160 1321 1300 1366 quam
1334 1322 1424 1353 non
1458 1322 1537 1366 pro
1573 1307 1738 1353 heroici
1772 1306 1986 1366 temporis
2029 1320 2101 1352 ra-

295 1384 414 1431 tione
430 1385 495 1446 3),
534 1385 612 1431 sed
645 1387 699 1431 ut
732 1386 934 1445 exempla
956 1385 1181 1432 imitanda
1216 1386 1388 1432 civibus
1421 1388 1773 1445 proponerentur
1795 1384 2097 1444 conscriptam

293 1477 393 1508 esse
428 1477 481 1509 ex
525 1464 668 1522 ipsius
713 1465 925 1511 orationis
975 1465 1063 1510 fine
1115 1465 1365 1510 clarissime
1417 1465 1564 1510 elucet
1577 1466 1629 1524 4).
1711 1463 1840 1521 Quod
1896 1463 2097 1509 Theseus

294 1541 552 1589 moderatos
577 1541 695 1589 cives
722 1542 925 1589 ordinem
949 1542 1013 1589 rei
1041 1543 1249 1603 publicae
1287 1535 1486 1603 (κόσμον
1521 1533 1660 1588 ὅντιν’
1695 1531 1752 1587 ἂν
1785 1534 1901 1604 τάξῃ
1937 1535 2098 1602 πόλις)

294 1633 470 1665 servare
511 1621 646 1675 dixit,
691 1621 915 1666 Adrastus
964 1622 1035 1667 hic
1077 1622 1292 1680 explicat,
1346 1635 1461 1680 quae
1511 1622 1701 1666 virtutes
1749 1621 1877 1666 bonis
1923 1621 2095 1666 civibus

295 1698 570 1745 exercendae
617 1699 707 1745 sint
751 1699 809 1744 ad
842 1699 1045 1746 ordinem
1088 1700 1219 1745 illum
1253 1700 1553 1746 servandum:
1593 1699 1800 1760 ⁷,Bonum
1844 1698 2012 1751 civem,
2061 1698 2098 1744 si

293 1776 486 1824 fortunis
522 1777 582 1824 sit
615 1780 817 1833 ornatus,
851 1793 942 1824 non
975 1778 1244 1826 insolentem
1280 1778 1461 1824 divitias
1495 1778 1689 1832 iactare,
1735 1777 1814 1824 sed
1848 1792 1936 1823 non
1972 1778 2100 1836 igno-

291 1858 472 1903 rantem
519 1856 764 1903 mediocria
821 1857 1025 1904 sufficere
1079 1857 1290 1903 conviviis
1337 1860 1382 1904 et
1432 1857 1740 1917 voluptatibus
1793 1856 1968 1902 modice
2008 1856 2097 1902 frui

292 1948 439 1994 neque
484 1935 678 1981 maiores
715 1949 855 1994 quam
888 1936 1038 1981 virum
1082 1950 1327 1996 pauperem
1372 1937 1546 1982 animos
1592 1949 1764 1994 gerere,
1807 1949 1905 1982 esse
1938 1949 2096 1981 verum

289 2014 496 2060 amicum
531 2014 715 2070 amicis,
760 2016 805 2061 et
850 2015 1115 2061 absentibus
1157 2017 1203 2061 et
1243 2015 1568 2075 praesentibus,
1615 2028 1791 2061 comem
1836 2028 1942 2072 erga
1977 2014 2096 2060 cives

287 2095 338 2139 et
383 2106 544 2139 servos.
615 2092 663 2139 Si
704 2107 807 2140 vero
853 2107 1023 2154 pauper
1058 2094 1139 2149 sit,
1184 2096 1340 2140 tamen
1375 2094 1491 2140 dona
1526 2094 1718 2140 aliorum
1764 2106 1997 2152 respuere,
2042 2106 2098 2138 ne

289 2171 484 2230 pecunia
518 2172 761 2218 obstrictus
797 2173 980 2218 serviles
1023 2173 1233 2219 ostendat
1266 2187 1427 2218 mores.
1496 2172 1668 2217 Iniuria
1703 2172 1966 2217 lacessitum
2008 2185 2097 2217 non

289 2249 546 2305 civitatem,
595 2249 674 2296 sed
720 2264 794 2297 eos
843 2251 920 2310 qui
965 2251 1201 2297 nocuerint
1251 2251 1348 2297 odio
1390 2250 1621 2311 persequi,
1665 2250 1879 2309 quoniam
1925 2249 2097 2295 civitati

289 2327 452 2387 culpae
491 2328 606 2374 verti
639 2342 729 2374 non
762 2329 926 2388 possit,
963 2329 1001 2375 si
1040 2330 1267 2375 malorum
1306 2330 1475 2375 ducum
1508 2329 1782 2375 facinoribus
1823 2327 2096 2373 diffametur.

424 2569 452 2618 ¹)
482 2568 538 2608 Cf.
567 2568 701 2618 Suppl.
729 2582 768 2608 v.
797 2569 1034 2609 412—425.

425 2634 455 2684 2)
484 2633 540 2673 Cf.
569 2635 688 2673 verba
715 2634 873 2673 Adrasti
900 2647 938 2674 v.
970 2635 1057 2674 160.
1086 2634 1163 2673 879
1193 2646 1248 2684 sq.
1305 2634 1443 2673 Thesei
1471 2647 1508 2673 v.
1539 2633 1611 2671 231
1643 2644 1726 2682 sqq.

421 2701 452 2748 3)
481 2700 537 2739 Cf.
566 2700 705 2750 Bergk.
734 2700 759 2738 l.
789 2712 821 2738 e.
851 2712 937 2750 pag.
966 2701 1042 2739 536
1070 2701 1158 2739 adn.
1188 2700 1276 2738 221.
1332 2698 1444 2738 Hart.
1472 2699 1563 2738 Eur.
1592 2706 1683 2737 rest.
1712 2698 1752 2736 H
1779 2710 1865 2748 pag.
1895 2698 1946 2737 98
1975 2710 2033 2747 sq.

420 2765 452 2817 4)
480 2765 536 2806 Cf.
566 2765 701 2815 Suppl.
730 2778 768 2804 V.
798 2765 875 2804 913
904 2777 987 2815 sqq.

1102 2861 1108 2868 .
1141 2861 1147 2868 .
1179 2861 1186 2867 .
1217 2825 1241 2878 ἦ
1270 2825 1306 2868 δ’
1336 2824 1521 2881 εὐανδρία

684 2894 877 2940 διδακτός,
909 2897 1018 2948 εἴπερ
1044 2900 1109 2932 καὶ
1136 2900 1283 2947 βρέφος
1312 2893 1542 2933 διδάσκεται

682 2961 810 3015 λέγειν
837 2957 993 2999 ἀκούειν
1019 2957 1055 2999 τῆ
1083 2951 1141 2999 ὧν
1166 2960 1355 3011 μάθησιν
1384 2957 1450 2999 οὗκ
1478 2966 1568 3012 ἔχει.

682 3022 707 3064 (ἳ
736 3022 772 3065 δ’
803 3022 854 3064 ἂν
879 3024 996 3080 μάθῃ
1025 3042 1094 3072 τις,
1123 3026 1249 3064 ταῦτα
1280 3025 1488 3073 σώζεσθαι
1517 3026 1625 3078 φιλεῖ

683 3088 784 3145 πρὸς
809 3092 941 3145 γῆρας.
972 3088 1074 3131 οὕτω
1101 3092 1246 3133 παῖδας
1274 3082 1315 3130 εὖ
1342 3090 1563 3131 παιδεύετε.
