2281 3492
1172 109 1231 154 19

291 263 441 322 eg1sse
461 264 512 325 1).
580 263 754 311 Eodem
787 267 986 326 tempore
1021 265 1483 312 Lacedaemoniorum
1518 267 1658 325 legati
1682 266 1874 313 Athenis
1911 269 2042 312 erant
2062 267 2111 326 2),

295 343 465 401 quibus
502 356 658 403 aspere
693 344 893 390 dimissis
931 344 1190 389 Alcibiades
1226 345 1327 389 ilico
1362 346 1551 402 Argivos
1594 345 1792 397 adducit,
1836 348 1888 390 ut
1935 346 2111 402 legatos

295 422 503 468 Athenas
538 423 753 478 mittant,
806 423 916 469 dum
952 424 1095 468 altera
1130 423 1295 480 legatio
1332 437 1511 477 eorum,
1548 413 1649 481 ἅμα
1682 421 1750 484 τῷ
1785 412 1861 484 ἦρι
1898 423 2111 483 Spartam

296 499 521 558 profecta,
567 500 630 545 ibi
675 502 882 545 versatur
897 501 949 560 3).
1001 499 1217 559 Spartani
1267 500 1451 545 interim
1507 501 1560 546 de
1616 503 1793 546 mutato
1840 502 2113 559 Argivorum

296 577 453 623 animo
495 578 706 624 certiores
763 579 872 624 facti
916 578 1086 624 iterum
1129 579 1302 636 legatos
1356 580 1560 624 Athenas
1606 580 1819 633 mittunt,
1873 580 1951 638 qui
1994 580 2117 625 Alci-

300 655 447 700 biadis
492 656 681 700 consilia
724 656 853 700 irrita
887 655 1070 700 faciant.
1140 655 1318 701 Horum
1361 656 1559 701 adventu
1601 656 1706 701 inde
1742 657 1798 701 ab
1842 657 1918 701 illa
1970 658 2114 714 priore

300 733 525 791 legatione
572 733 820 779 minimum
866 733 1023 780 decem
1076 733 1170 780 dies
1215 734 1530 793 praeterierint
1572 748 1754 780 necesse
1798 737 1895 789 est,
1948 735 2112 780 abhinc

300 812 459 855 autem
494 824 638 869 usque
675 811 733 855 ad
757 810 915 856 Niciae
939 811 1138 856 reditum
1170 812 1430 870 quindecim
1461 812 1552 857 fere
1578 812 1687 857 dies.
1758 812 1885 869 Quod
1921 813 1959 857 si
1993 815 2113 857 recte

300 888 560 934 ratiocinati
605 902 787 943 sumus,
833 888 991 935 foedus
1037 903 1144 935 cum
1178 890 1357 948 Argivis
1402 904 1557 936 mense
1602 890 1891 936 Munichione
1939 890 2114 936 factum

304 981 404 1012 esse
442 967 648 1026 sequitur
664 968 715 1027 4).
789 967 918 1013 Idem
953 968 1149 1013 efficitur
1183 983 1248 1023 eo,
1290 969 1410 1027 quod
1444 969 1717 1014 Plutarchus
1751 972 1919 1023 narrat,
1958 970 2115 1014 statim

303 1047 404 1104 post
438 1044 596 1091 Niciae
638 1045 838 1091 reditum
871 1046 1174 1094 Athenienses
1221 1049 1266 1093 et
1300 1047 1584 1093 Alcibiadem
1632 1041 1892 1110 στρατηγόν
1939 1062 2114 1094 creasse

301 1126 349 1168 et
395 1137 502 1168 cum
547 1124 723 1182 Argivis
769 1124 925 1170 foedus
970 1125 1129 1171 fecisse
1146 1127 1207 1186 5);
1265 1126 1344 1171 illa
1390 1126 1572 1171 comitia
1616 1128 1772 1171 autem
1816 1140 1972 1172 mense
2016 1126 2118 1171 Mu-

304 1202 511 1248 nichione
556 1202 843 1248 habebantur
860 1204 910 1264 6).
987 1203 1193 1249 Tertium
1241 1204 1401 1250 deinde
1454 1205 1670 1263 temporis
1715 1205 1934 1250 indicium
1980 1205 2115 1263 idque

303 1281 614 1326 certissimum
639 1283 720 1335 est,
757 1281 876 1339 quod
900 1281 1030 1327 Nicia
1065 1282 1255 1342 Spartae
1290 1286 1499 1329 versante
1539 1284 1610 1329 ius
1645 1283 1892 1328 iurandum
1925 1283 2116 1329 foederis

443 1527 471 1577 1)
502 1526 558 1566 Cf.
587 1527 707 1567 Thuc.
737 1527 772 1565 V
801 1527 864 1577 40,
896 1528 915 1565 1
958 1528 1016 1567 ed.
1045 1527 1337 1578 Poppo-Stahl.
1373 1528 1460 1568 adn.
1510 1528 1552 1567 Si
1590 1529 1692 1567 enim
1728 1528 1915 1568 Boeckhii
1949 1530 2117 1568 rationes

303 1593 522 1641 sequimur,
566 1605 663 1642 quas
693 1593 770 1630 Zur
798 1593 937 1632 Gesch.
967 1594 1036 1630 der
1062 1593 1321 1642 Mondcyclen
1350 1594 1418 1631 der
1444 1594 1548 1633 Hell.
1577 1607 1614 1643 p.
1646 1595 1693 1632 27
1723 1595 1763 1632 in
1792 1594 1926 1632 tabula
1953 1595 2117 1632 chrono-

308 1657 435 1707 logica
461 1658 683 1707 proposuit,
728 1670 818 1695 cum
856 1658 997 1707 quibus
1023 1658 1073 1697 in
1100 1658 1174 1696 hoc
1203 1671 1303 1697 anno
1333 1660 1524 1697 consentit
1551 1659 1686 1709 Unger
1714 1660 1777 1709 (cf.
1807 1661 1854 1699 A.
1883 1659 2118 1698 Mommseni

307 1722 490 1761 Chronol.
512 1735 549 1770 p.
570 1723 674 1771 414),
705 1735 796 1760 cum
823 1735 901 1761 uno
928 1725 1082 1760 tantum
1112 1723 1172 1760 die
1192 1724 1345 1760 differat
1362 1725 1411 1762 A.
1432 1723 1700 1761 Mommsenus
1738 1725 1802 1772 (cf.
1830 1724 1856 1762 l.
1886 1736 1919 1762 c.
1948 1738 1983 1773 p.
2015 1725 2119 1763 289³.

306 1788 588 1839 Elaphebolion
624 1800 659 1827 a.
695 1788 773 1826 420
809 1788 856 1826 ab
884 1787 982 1826 VIII
1015 1787 1073 1827 Id.
1102 1787 1262 1826 Martias
1298 1788 1519 1837 incipiebat.
1575 1788 1757 1827 Plataeae
1793 1792 1925 1827 autem
1964 1792 2121 1828 auctore

309 1854 431 1893 Thuc.
460 1854 502 1892 Π
522 1853 557 1902 2,
582 1855 600 1891 1
632 1855 726 1891 item
757 1849 838 1902 ἅμα
868 1843 934 1904 ἦρι
964 1848 1172 1903 ἀρχομένῳ
1200 1855 1335 1902 captae
1363 1856 1455 1891 sunt
1483 1855 1700 1892 secundum
1728 1855 1974 1904 Kruegerum
2004 1855 2121 1903 (Hist.

308 1918 404 1969 phil.
433 1917 545 1957 Stud.
573 1918 594 1956 I
621 1932 657 1968 p.
688 1918 760 1956 221
792 1920 891 1969 sqq.)
918 1919 1078 1956 ineunte
1105 1918 1266 1968 Martio,
1294 1918 1490 1957 Boeckhio
1519 1919 1559 1969 (1.
1589 1931 1621 1958 c.
1650 1933 1686 1969 p.
1718 1920 1782 1969 79)
1812 1923 1851 1957 et
1878 1922 1924 1959 A.
1953 1920 2121 1958 Momm-

308 1996 403 2023 seno
432 1984 472 2034 (1.
502 1996 535 2023 c.
564 1997 600 2034 p.
631 1984 721 2034 385)
751 1984 975 2023 auctoribus
1002 1985 1161 2022 incunte
1189 1996 1322 2023 mense
1350 1985 1498 2034 Aprili,
1537 1985 1640 2034 quod
1676 1986 1868 2034 posterius
1906 1999 1997 2023 cuni
2036 1986 2122 2024 aliis·

308 2049 359 2087 de
388 2050 517 2088 causis
544 2050 675 2087 minus
704 2049 899 2099 probabile
929 2050 980 2087 sit
1007 2050 1071 2099 (cf.
1099 2049 1394 2088 Wilamowitzii
1423 2050 1511 2089 Cur.
1541 2051 1660 2089 Thuc.
1690 2063 1726 2099 p.
1759 2051 1840 2100 12),
1884 2053 1970 2088 tum
2001 2053 2123 2090 nostri

310 2127 430 2164 quam
460 2115 579 2153 Attici
606 2115 710 2153 veris
737 2115 846 2153 initio
885 2115 1042 2153 videtur
1069 2115 1401 2153 accommodatius
1430 2127 1515 2153 esse
1544 2117 1583 2153 et
1610 2116 1658 2154 ad
1697 2116 1801 2153 idem
1840 2117 1931 2154 anni
1967 2119 2124 2166 tempus

309 2179 349 2216 V
375 2179 438 2228 40,
470 2181 490 2217 1
528 2180 791 2229 significatum
827 2192 969 2230 magna
1002 2179 1214 2229 Dionysia,
1256 2181 1280 2218 i.
1320 2193 1351 2219 e.
1392 2180 1497 2218 diem
1530 2180 1593 2219 IX
1619 2180 1935 2230 Elaphebolionis
1975 2182 2038 2231 (cf.
2076 2185 2123 2220 A.

311 2244 493 2284 Moinm's.
521 2245 694 2284 Heortol.
732 2258 767 2294 p.
800 2245 874 2283 387
903 2246 998 2295 sq),
1033 2246 1172 2295 utique
1211 2247 1447 2295 praecedens
1485 2259 1623 2295 parum
1664 2247 1855 2285 convenit.
1913 2247 2124 2297 Utcunque

314 2322 378 2348 res
407 2322 449 2348 se
476 2310 605 2358 habet,
636 2312 725 2348 ante
752 2310 884 2349 Martii
911 2311 1056 2349 mensis
1084 2311 1240 2349 initium
1276 2312 1380 2350 veris
1409 2312 1651 2361 Thucydidei
1687 2312 1841 2349 initium
1878 2325 2019 2361 ponere
2055 2314 2125 2350 vix

312 2375 421 2424 licet,
463 2376 518 2413 ita
557 2377 602 2413 ut
643 2388 676 2414 a.
717 2375 795 2414 420
835 2376 925 2413 inde
966 2388 1092 2426 usque
1134 2376 1183 2414 ad
1223 2389 1365 2427 magna
1391 2377 1580 2427 Dionysia
1615 2377 1703 2426 plus
1732 2377 1901 2415 sedecim
1930 2378 2013 2415 dies
2048 2390 2125 2416 non

311 2441 595 2490 praeterierint.

446 2512 476 2563 2)
505 2512 562 2551 Cf.
582 2512 702 2551 ThUC.
724 2512 758 2549 V
776 2512 839 2561 42,
861 2513 880 2550 I
913 2514 956 2549 ἐν
984 2511 1028 2550 δὲ
1055 2512 1112 2561 τῷ
1135 2510 1270 2564 χρόνῳ
1297 2510 1426 2560 τούτῳ
1453 2501 1485 2560 ᾧ
1513 2512 1553 2550 οἱ
1572 2507 1738 2564 Ἀργεῖοι
1758 2506 2124 2564 ταῦταῖἓτρασσοπψ,

314 2578 355 2616 οἱ
378 2582 567 2628 πρέσβεις
594 2578 676 2615 τῶν
706 2577 930 2627 Λακεδαιμ.
959 2577 1039 2615 κτλ.

448 2644 477 2694 3)
506 2643 563 2683 Cf.
600 2644 693 2683 ibid.
721 2644 760 2681 V
786 2644 849 2692 43,
879 2645 902 2683 3
937 2648 1003 2681 καὶ
1030 2642 1122 2682 τότε
1151 2641 1286 2692 ἐπειδὴ
1316 2639 1339 2692 ἦ
1371 2639 1544 2694 διαφορὰ
1574 2646 1793 2695 ἐγεγένητο,
1833 2648 1981 2693 namra
2009 2646 2078 2694 (SC.
2108 2642 2129 2683 ὁ

308 2704 572 2757 Ἀλκιβιάδης)
603 2704 725 2747 εὗθὺς
754 2711 790 2747 ἐς
813 2704 949 2759 Ἄργος
978 2708 1059 2755 ἰδίᾳ
1087 2708 1166 2746 κτλ.

447 2774 478 2823 4)
509 2774 565 2812 Cf.
596 2773 696 2812 Gilb.
724 2773 750 2812 l.
780 2786 812 2812 c.
841 2785 928 2823 pag.
958 2774 1031 2811 221
1064 2786 1147 2823 sqq.

447 2839 477 2889 ⁵)
508 2838 564 2877 Cf.
592 2838 698 2876 Plut.
727 2838 811 2876 Alc.
840 2838 920 2875 XV
949 2833 1051 2875 οῧτω
1079 2837 1123 2876 δὲ
1150 2839 1233 2875 τῶν
1261 2837 1599 2887 Λακεδαιμονίων
1628 2837 1880 2876 ἐκπεσόντων
1909 2837 2131 2892 στρατηγὸς

314 2900 576 2953 ἀποδειχθεὶς
604 2897 625 2940 ὁ
647 2897 894 2951 Ἀλκιβιάδης
923 2897 1042 2942 εῧθὺς
1063 2897 1258 2954 Ἀργείους
1284 2907 1350 2939 καὶ
1379 2906 1595 2942 ,Μαντινεῖς
1622 2908 1687 2940 καὶ
1706 2899 1873 2943 Ἠλείους
1903 2904 2132 2955 σνιιιμάχοις

315 2972 481 3015 ἐποίησε
508 2972 589 3007 τοῖς
611 2963 854 3014 Ἀθηναίοις.

448 3034 478 3084 ⁶)
509 3033 566 3072 Cf.
596 3032 694 3071 Gilb.
723 3031 749 3071 1.
780 3044 812 3071 c.
841 3043 928 3081 pag.
956 3034 978 3071 5
998 3043 1082 3081 sqq.
1136 3031 1294 3071 Beloch.
1323 3032 1396 3070 Die
1425 3032 1653 3071 athenische
1681 3033 1824 3072 Politik
1852 3035 1926 3072 seit
1945 3035 2133 3075 Pericles.

314 3099 445 3149 Leipz.
477 3098 577 3137 1844
606 3110 692 3148 pag.
724 3098 799 3137 265
828 3109 912 3147 sqq.
967 3097 1190 3137 Wilamow.
1224 3099 1305 3136 Aus
1333 3097 1545 3147 Kydathen
1573 3111 1659 3149 pag.
1690 3099 1753 3138 58.

1816 3166 1883 3202 9*

1817 3197 1843 3212 —d
