2281 3492
1150 121 1209 165 17

277 276 455 328 autem,
502 275 631 319 cuius
677 275 950 321 sententiam
993 276 1088 334 ipse
1125 278 1314 322 eventus
1349 277 1443 322 iam
1495 279 1727 336 probaret,
1780 282 2085 338 opportunum

275 353 341 400 rei
375 353 598 411 gerendae
623 355 803 414 tempus
841 353 927 400 sibi
962 353 1062 400 dari
1095 356 1223 401 ratus
1259 355 1361 402 ilico
1395 356 1578 403 nuntios
1614 357 1731 404 clam
1756 359 1900 418 Argos
1934 360 2084 406 misit:

277 446 418 490 quam
462 433 694 478 celerrime
729 434 932 478 Athenas
978 433 1183 479 venirent
1218 434 1276 479 ad
1310 434 1466 480 foedus
1502 435 1782 491 faciendum3
1839 452 1885 484 se
1931 439 2084 498 ipsum

276 510 486 555 omnibus
520 510 667 556 modis
691 524 777 556 eos
812 511 1079 556 iuvaturum
1114 525 1213 557 esse
1230 513 1290 572 1).

408 600 498 646 Sed
538 602 696 660 paucis
748 601 907 646 diebus
954 603 1059 647 ante
1103 602 1157 647 de
1201 603 1257 647 iis
1302 617 1504 662 quoque,
1553 618 1668 662 quae
1711 606 1828 651 inter
1862 607 2085 654 Lacedae-

274 679 449 725 monios
484 681 530 725 et
553 679 744 725 Boeotos
780 682 1096 734 convenerant,
1132 681 1324 727 nuntius
1359 684 1501 740 Argos
1537 683 1703 729 allatus
1729 687 1826 730 erat
1860 687 1905 731 et
1939 688 2084 732 totam

276 757 507 803 civitatem
530 757 926 803 vehementissime
961 761 1281 815 commoverat,
1320 774 1426 806 cum
1462 774 1619 807 omnes
1655 776 1925 821 persuasum
1950 765 2087 811 habe-

274 837 397 890 rent,
434 849 487 882 ea
522 850 638 895 quae
665 835 885 882 Nicianae
920 837 1043 896 pacis
1079 838 1338 897 sponsiones
1373 839 1595 885 violarent
1629 840 1725 886 fieri
1760 856 1848 887 non
1882 844 2083 902 potuisse

274 913 362 959 nisi
419 914 656 959 concordia
712 914 831 960 inter
888 913 1134 974 Spartanos
1190 916 1428 963 Thebanos
1485 919 1784 965 Athenienses
1842 922 2082 967 restituta:

275 991 575 1037 Athenienses
610 991 800 1037 Panacti
835 993 1059 1038 excidium
1093 994 1306 1053 probasse
1342 997 1387 1040 et
1419 995 1466 1040 in
1514 1010 1565 1041 eo
1599 996 1692 1041 iam
1728 1011 1848 1052 esse,
1891 1002 1945 1044 ut
1978 1014 2084 1045 cum

276 1068 507 1114 Thebanis
543 1069 700 1114 foedus
729 1070 910 1116 icerent.
979 1071 1210 1118 Timentes
1245 1073 1396 1130 igitur,
1432 1087 1487 1118 ne
1511 1074 1700 1120 indutiis
1735 1076 1926 1133 triginta
1950 1091 2089 1123 anno-

274 1160 401 1202 rum,
455 1160 568 1206 quas
615 1161 721 1193 cum
768 1147 1006 1208 Spartanis
1041 1149 1260 1206 fecerant,
1308 1151 1366 1197 ad
1407 1152 1545 1199 finem
1592 1153 1880 1212 vergentibus
1926 1155 2083 1202 eodem

273 1227 475 1284 tempore
510 1239 615 1270 cum
650 1226 860 1272 omnibus
895 1227 983 1272 illis
1018 1228 1278 1275 civitatibus
1326 1230 1498 1275 bellum
1540 1231 1626 1275 sibi
1660 1232 1913 1289 gerendum
1949 1237 2082 1288 esset,

274 1304 509 1362 solamque
545 1304 741 1350 salutem
774 1304 821 1350 in
844 1306 1153 1364 recuperanda
1176 1307 1637 1354 Lacedaemoniorum
1662 1310 1863 1356 amicitia
1888 1312 2083 1370 positam

273 1394 372 1426 esse
408 1381 629 1436 arbitrati,
665 1383 763 1427 tam
796 1396 1088 1443 praepropere
1123 1385 1298 1443 legatos
1335 1385 1549 1445 Spartam
1574 1387 1810 1444 miserunt,
1848 1392 1902 1435 ut
1935 1404 2082 1449 neque

273 1474 431 1505 verum
476 1460 540 1506 rei
587 1462 761 1510 statum
798 1462 854 1506 ab
889 1463 1242 1509 Atheniensibus
1276 1465 1600 1523 perquirerent,
1642 1481 1789 1525 neque
1824 1468 2083 1514 Mantinen-

277 1537 398 1583 sium
433 1539 514 1582 aut
547 1537 773 1593 Eleorum,
811 1539 1033 1585 sociorum
1070 1554 1270 1594 suorum,
1306 1542 1449 1587 ullam
1483 1543 1705 1590 rationem
1741 1545 1963 1592 haberent
1979 1546 2030 1607 2).

406 1615 504 1660 Hoc
538 1616 634 1674 ipso
667 1616 808 1674 igitur
841 1619 1040 1676 tempore
1075 1620 1222 1663 nuntii
1256 1620 1528 1675 Alcibiadis,
1564 1635 1675 1680 quos
1713 1637 1848 1682 supra
1883 1638 2082 1670 comme-

273 1693 565 1747 moravimus,
602 1695 744 1751 Argos
770 1694 1050 1741 advenerunt
1084 1699 1129 1742 et
1153 1711 1240 1755 quo
1264 1700 1394 1756 pacto
1430 1713 1502 1744 res
1528 1713 1574 1744 se
1599 1700 1788 1746 haberet
1812 1702 2076 1748 docuerunt.

274 1769 372 1826 Quo
407 1770 581 1815 factum
618 1773 708 1825 est,
749 1774 802 1816 ut
836 1773 990 1829 Argivi
1026 1787 1072 1818 se
1108 1773 1278 1819 frustra
1313 1775 1521 1820 timuisse
1557 1780 1876 1833 cognoscentes
1911 1779 2078 1824 iterum

273 1849 552 1893 sententiam
586 1851 839 1904 mutarent3
874 1852 919 1895 et
952 1853 1005 1895 ut
1038 1852 1172 1910 paulo
1209 1854 1314 1898 ante
1351 1853 1492 1898 socios
1528 1855 1830 1912 neglexerant,
1865 1856 1930 1902 ita
1965 1859 2078 1903 tunc

269 1925 445 1985 legatos
483 1925 697 1986 Spartam
731 1927 894 1973 missos
939 1929 1055 1974 nihil
1090 1930 1310 1976 curabant
1354 1933 1399 1977 et
1445 1945 1536 1977 una
1571 1946 1677 1978 cum
1712 1933 2078 1982 Mantinensibus

269 2006 315 2050 et
348 2004 471 2051 Eleis
508 2006 667 2051 statim
702 2006 874 2064 legatos
911 2007 965 2054 de
999 2008 1174 2055 foedere
1210 2010 1413 2056 Athenas
1448 2011 1671 2057 miserunt
1684 2013 1734 2071 3).

403 2095 492 2143 Sed
539 2097 612 2142 vix
658 2097 1000 2144 Lacedaemonii
1044 2113 1142 2146 rem
1192 2103 1369 2160 praeter
1413 2102 1668 2161 opinionem
1714 2104 1915 2151 evenisse
1960 2119 2082 2151 com-

269 2176 452 2232 pertum
488 2175 743 2232 habebant,
794 2190 899 2222 cum
932 2177 1018 2237 ipsi
1054 2192 1232 2238 quoque
1267 2179 1438 2239 legatos
1472 2181 1675 2227 Athenas
1709 2183 1956 2239 miserunt,
2003 2185 2081 2243 qui

268 2252 336 2297 illi
371 2252 538 2298 foederi
572 2254 816 2304 officerent,
852 2256 990 2300 simul
1026 2258 1255 2303 societatis
1302 2272 1407 2303 cum
1442 2259 1621 2305 Boeotis
1656 2261 1795 2306 initae
1831 2264 2082 2307 excusatio-

268 2343 375 2375 nem
410 2330 700 2391 adferrent4).
770 2332 832 2377 Hi
875 2333 1013 2391 legati
1049 2334 1106 2379 ab
1141 2335 1494 2382 Atheniensibus
1537 2338 1660 2396 pacis
1702 2338 1947 2385 servandae
1984 2342 2081 2385 stu-

268 2408 408 2454 diosis
445 2409 655 2455 benevole
691 2411 863 2470 excepti
899 2425 1005 2457 cum
1038 2412 1087 2457 in
1124 2415 1287 2459 senatu
1322 2428 1369 2460 se
1405 2429 1510 2460 cum
1547 2429 1730 2461 summa
1763 2419 1988 2475 potestate
2024 2419 2078 2465 de

269 2487 591 2546 componendis
627 2488 838 2534 omnibus
864 2491 1178 2536 controversiis
1203 2492 1379 2537 venisse
1414 2493 1627 2547 dicerent,
1652 2494 1876 2539 Alcibiadi
1899 2498 2078 2541 metum

266 2565 536 2620 iniciebant,
572 2580 644 2621 ne,
682 2567 720 2612 si
743 2567 826 2613 hoc
862 2568 920 2613 ad
943 2569 1161 2627 populum
1186 2584 1362 2628 quoque
1396 2570 1623 2626 referrent,
1659 2573 1825 2630 vulgus
1862 2573 1919 2618 ad
1945 2588 2078 2620 suam

267 2644 553 2690 voluntatem
576 2644 876 2703 perducerent
911 2647 1047 2704 atque
1072 2647 1130 2691 ad
1156 2648 1485 2706 repudiandam
1509 2650 1782 2707 Argivorum
1815 2652 2079 2698 societatem

266 2722 562 2781 impellerent.
645 2722 742 2779 Quo
788 2724 985 2783 periculo
1035 2725 1301 2784 interposito
1346 2727 1604 2773 Alcibiades
1652 2742 1711 2774 ne
1762 2730 2080 2789 turpissimam

400 2907 429 2956 1)
458 2907 514 2946 of.
542 2908 634 2946 ibid.
662 2908 699 2943 v
726 2909 789 2955 43,
819 2910 854 2947 3.

395 2972 425 3020 2)
454 2972 510 3012 of.
539 2973 630 3012 ibid.
660 2973 695 3010 V
726 2974 788 3013 40.
809 2975 871 3013 41.

394 3038 424 3088 ³)
454 3037 509 3077 of.
538 3038 630 3078 ibid.
659 3038 697 3076 V
725 3039 788 3078 44.

393 3103 424 3153 4)
454 3103 510 3143 of.
538 3104 630 3144 ibid.
661 3104 696 3142 v
725 3105 789 3154 44,
819 3105 855 3143 3.
