2281 3492
1170 77 1232 121 23

303 255 360 287 ne
395 240 535 298 legati
578 238 704 298 prius
752 250 892 296 quam
937 235 1094 280 foedus
1129 233 1290 278 icerint
1336 231 1626 275 dimittantur
1641 229 1699 287 1),
1745 226 1904 272 eadem
1945 225 2112 277 monet,

302 322 356 365 ut
389 318 547 376 Argivi
581 317 652 362 ius
687 315 933 362 iurandum
969 314 1172 359 servent:
1231 311 1342 355 haec
1391 308 1543 354 omnia
1590 320 1679 365 qua
1722 304 1894 350 ratione
1934 301 2112 347 facilius

304 401 442 456 atque
476 395 643 442 rectius
679 394 943 453 explicabis,
980 404 1121 450 quam
1157 389 1195 434 si
1229 389 1401 445 legatos
1438 386 1730 443 Argivorum,
1777 382 1833 427 ad
1870 395 1981 440 quos
2016 393 2116 438 per-

303 474 548 521 movendos
585 488 637 519 ea
671 472 953 531 spectabant,
990 468 1190 514 adfuisse
1226 465 1465 525 posueris?

443 649 588 695 Simili
634 648 767 693 modo
814 648 950 704 atque
996 645 1042 688 in
1090 641 1348 699 tragoediae
1389 639 1476 683 fine
1513 638 1651 682 etiam
1699 636 1796 679 aliis
1841 635 1948 679 locis
1992 633 2116 677 illius

308 729 497 775 foederis
532 732 577 773 et
600 741 754 773 rerum
780 740 885 770 cum
912 738 960 769 eo
986 721 1327 768 cohaerentium
1362 718 1530 763 mentio
1565 716 1629 761 fit.

444 834 484 878 1.
555 830 671 877 Cum
695 829 919 875 Adrastus
942 826 1104 872 Thesei
1139 824 1360 870 auxilium
1390 821 1616 880 implorat,
1651 819 1724 863 hic
1759 817 1949 862 irridens
1986 815 2117 860 illum

309 913 582 966 interrogat:

626 992 681 1044 τὸ
717 988 758 1044 δ’
783 987 953 1057 Ἄργος
986 987 1095 1054 1ὗμῖν
1130 991 1227 1039 ποῦ
1261 982 1409 1047 'oum
1460 979 1489 1052 ἢ
1525 981 1711 1047 κόμποι
1746 979 1920 1047 μάτην,-

315 1095 373 1141 ad
415 1093 536 1153 quod
571 1092 819 1137 Adrastus:

629 1180 887 1245 σφαλέντες
923 1172 1204 1237 οἰχόμεσθα.
1243 1168 1366 1236 πρὸς
1401 1172 1455 1219 σὲ
1492 1164 1534 1219 ὁ)
1570 1164 1744 1235 ἥκομεν
1763 1172 1813 1231 2).

316 1278 443 1336 Quae
476 1276 637 1323 Thesei
685 1273 978 1321 acerbissima
1021 1272 1160 1317 verba
1206 1283 1312 1315 cum
1355 1268 1427 1313 vix
1479 1280 1531 1312 ex
1575 1265 1718 1324 ipsius
1762 1261 1942 1308 fabulae
1991 1272 2126 1316 argu-

314 1359 467 1402 mento
510 1355 685 1414 possint
730 1352 959 1411 explicari,
1012 1350 1068 1394 ad
1103 1363 1173 1393 res
1220 1361 1270 1392 eo
1315 1347 1410 1405 ipso
1453 1348 1656 1402 tempore
1700 1342 1844 1386 factas
1890 1336 2124 1383 referenda

316 1437 424 1480 sunt
441 1436 493 1495 3).
540 1432 697 1491 Neque
734 1445 820 1489 quo
857 1430 1062 1488 spectent
1096 1426 1297 1472 dubitari
1329 1425 1488 1483 potest.
1548 1421 1799 1467 Cavillatur
1834 1418 1958 1464 enim
1993 1417 2126 1474 poeta

315 1513 567 1559 vanitatem
601 1510 885 1568 Argivorum,
921 1506 997 1565 qui
1030 1505 1155 1551 inani
1192 1503 1402 1563 superbia
1437 1502 1668 1546 tumentes
1704 1498 1837 1557 paulo
1875 1499 1980 1540 ante
2017 1507 2125 1538 cum

318 1589 691 1636 Lacedaemoniis
738 1587 792 1631 de
827 1586 1082 1645 principatu
1117 1582 1384 1627 contendere
1421 1580 1522 1624 ausi
1567 1579 1744 1629 essent,
1790 1575 1868 1619 sed
1913 1587 2019 1617 cum
2054 1585 2126 1614 res

319 1672 499 1730 praeter
533 1667 789 1727 opinionem
824 1664 1078 1717 cessissent,
1115 1675 1257 1720 aequo
1282 1660 1435 1707 animo
1469 1671 1652 1718 prorsus
1678 1653 1887 1701 destituti
1910 1650 2126 1696 fluctibus

319 1763 474 1795 rerum
519 1746 650 1792 modo
686 1746 776 1790 huc
809 1742 942 1789 modo
977 1742 1086 1787 illuc
1129 1740 1411 1798 agitarentur
1431 1737 1481 1797 4).
1551 1734 1769 1781 Homines
1805 1734 1903 1778 tam
1938 1729 2130 1790 paulum

325 1829 411 1874 sibi
446 1828 706 1873 constantes
732 1822 986 1881 dignissimi
1021 1822 1151 1866 erant
1174 1818 1381 1871 ludibrio,
1418 1830 1505 1875 quo
1541 1830 1596 1861 ne
1619 1811 1905 1871 Thucydides
1931 1808 2131 1868 quidem,

325 1908 483 1952 auctor
517 1905 592 1950 ille
629 1901 939 1961 gravissimus,
976 1898 1175 1945 abstinet
1188 1897 1238 1957 5).

458 2012 500 2054 2.
569 2009 741 2053 Theseo
776 2004 1099 2062 interroganti:

641 2094 745 2160 ἰδία
780 2088 988 2159 δοκῆσάν
1023 2109 1101 2140 σοι
1135 2082 1236 2139 τόδ)
1273 2081 1300 2155 ἢ
1336 2083 1470 2153 πάσῃ
1505 2082 1671 2144 nolet,-

325 2192 567 2253 respondet
601 2190 853 2235 Adrastus:

643 2274 820 2335 πάντες
855 2270 898 2324 (5³
938 2274 1173 2323 ἷκνοῧνται
1211 2272 1454 2321 Δαναΐδαι
1490 2265 1661 2334 θάψαι
1696 2261 1883 2330 νεκροῦς
1896 2271 1947 2329 ⁶).

329 2377 417 2434 Qui
451 2390 540 2421 non
574 2374 758 2432 respicit
798 2372 886 2417 nisi
920 2372 1069 2429 ipsam
1103 2370 1302 2421 famam,
1350 2381 1490 2426 quam
1525 2364 1743 2410 traditam
1787 2364 1918 2421 poeta
1953 2359 2141 2418 accepit,

327 2467 481 2502 vereor
524 2466 580 2498 ne
624 2451 671 2497 in
705 2450 775 2495 his
812 2448 959 2495 verbis
1004 2446 1214 2493 offendat.
1283 2445 1406 2490 Nam
1452 2442 1558 2503 quid
1593 2441 1764 2486 Theseo
1809 2439 1926 2483 hanc
1962 2437 2144 2482 dubita-

464 2621 491 2667 1)
522 2620 577 2658 Cf.
607 2630 726 2667 supra
753 2629 838 2667 pag.
868 2616 891 2654 9
912 2627 968 2664 sq.
999 2613 1133 2663 Suppl.
1163 2626 1200 2651 v,
1234 2612 1333 2650 1185
1363 2622 1446 2660 sqq.

463 2686 492 2733 2)
523 2685 578 2722 Cf.
607 2684 698 2721 ibid.
728 2695 766 2720 v,
798 2683 884 2719 127.
916 2679 1003 2717 128.

466 2750 495 2798 3)
525 2749 580 2787 Cf.
611 2747 738 2786 Zirnd.
767 2746 792 2785 l.
823 2759 856 2784 c.
885 2757 971 2794 pag.
1001 2745 1063 2782 51.
1119 2742 1228 2780 Hart.
1257 2741 1283 2779 1.
1314 2753 1346 2779 c.
1377 2739 1416 2778 II
1443 2751 1529 2788 pag.
1558 2737 1621 2776 88.

465 2814 495 2864 ⁴)
523 2814 582 2851 De
621 2823 740 2851 causa
775 2811 894 2848 huius
930 2808 1166 2847 infirmitatis
1203 2806 1438 2856 Argivorum
1476 2806 1514 2841 et
1550 2804 1597 2841 de
1639 2802 1831 2852 partium,
1875 2799 2010 2849 quales
2052 2800 2148 2836 tunc

333 2881 449 2931 Argis
490 2880 619 2922 erant,
663 2877 887 2915 condicione
923 2875 1002 2913 vid.
1041 2874 1135 2912 Bus.
1172 2872 1196 2911 l.
1228 2884 1260 2910 e.
1289 2883 1375 2920 pag.
1407 2870 1481 2908 133
1511 2881 1594 2918 sqq.
1650 2866 1993 2907 Schneiderm‘ffl1.
2040 2849 2157 2902 Pon}

332 2946 461 2986 tische
490 2943 724 2984 Geschichte
763 2942 830 2980 des
859 2940 1065 2979 dorischen
1093 2940 1230 2988 Argos.
1285 2935 1515 2986 Heiligenst.
1546 2934 1680 2984 Progr.
1721 2932 1821 2971 1865
1860 2943 1945 2981 pag.
1986 2931 2035 2968 33
2065 2941 2148 2980 sqq.

466 3011 497 3060 5)
528 3010 584 3049 Cf.
613 3009 732 3047 Thuc.
762 3007 799 3044 V
827 3006 889 3054 40,
919 3006 954 3045 2.
1010 3005 1104 3044 Bus.
1133 3004 1159 3043 l.
1189 3016 1222 3042 c.
1252 3014 1338 3052 pag.
1370 3001 1457 3040 134.

468 3076 499 3126 ὃ)
530 3074 664 3124 Suppl.
693 3086 731 3113 v.
754 3072 841 3112 129.
865 3071 951 3110 130.
