2281 3492
1088 118 1146 163 15

349 277 483 323 Hanc
512 277 629 322 deae
651 275 958 336 praesentiam
982 273 1204 319 dramatis
1227 272 1401 317 ratione
1424 285 1516 317 non
1539 270 1672 315 modo
1696 283 1785 315 non
1809 270 2027 328 postulari

217 358 301 403 aut
330 355 537 411 excusari
571 369 714 415 posse,
757 354 837 400 sed
883 353 1024 414 etiam
1060 364 1445 411 supervacaneam
1483 351 1633 413 atque
1673 348 1886 394 inutilem
1932 361 2031 393 esse

215 438 373 481 omnes
431 433 515 479 viri
569 424 689 479 docti
744 430 1033 478 consentiunt
1053 430 1103 491 1).
1193 428 1322 474 Actio
1381 427 1503 473 enim
1558 427 1690 486 plane
1746 426 1802 471 ad
1859 426 2029 480 exitum

216 512 437 573 perducta
477 525 626 570 neque
670 510 782 556 deus
818 523 871 555 ex
904 508 1132 561 machina,
1177 520 1314 565 quem
1349 506 1447 551 aliis
1482 506 1528 550 in
1562 505 1730 550 fabulis
1766 504 1823 549 ad
1859 504 2030 549 nodum

218 590 484 636 solvendum
528 590 575 634 in
624 601 837 634 scaenam
881 585 1070 638 inducit,
1116 584 1208 629 iam
1255 598 1366 642 opus
1415 585 1497 629 est.
1578 582 1766 627 Accedit
1811 582 1929 639 quod
1976 581 2031 626 de

216 668 419 714 hostium
451 667 498 713 in
531 666 734 712 Atticam
777 662 1110 710 incursionibus
1156 661 1325 707 mentio
1359 660 1527 706 iniecta
1546 660 1581 720 2)
1624 660 1777 704 minus
1823 661 1927 718 apte
1974 658 2032 704 ad

216 748 422 805 tempora
465 745 644 790 heroica
684 743 839 788 referri
884 743 1056 801 potest,
1109 739 1343 799 aptissime
1392 741 1548 784 autem
1590 738 1649 783 ad
1699 740 1880 796 tempus
1926 737 2032 782 belli

217 822 612 882 Peloponnesiaci,
686 834 773 879 quo
839 820 951 866 fines
1018 819 1197 864 Atticae
1261 817 1501 876 quotannis
1569 815 2032 861 Lacedaemoniorum

221 901 548 960 irruptionibus
583 900 896 944 vastabantur.

351 992 513 1050 Itaque
547 989 814 1049 Euripidem
858 989 931 1034 hic
977 1001 1061 1033 sua
1105 989 1311 1046 tempora
1345 986 1592 1045 respexisse
1628 986 1673 1030 et
1706 984 1876 1038 foedus,
1912 983 2032 1042 quod

217 1071 264 1115 in
302 1083 465 1115 scaena
488 1068 744 1113 Minervam
769 1066 1087 1112 commendare
1121 1065 1264 1122 fingit,
1298 1064 1530 1123 praesenti
1553 1065 1753 1121 tempore
1778 1062 2030 1107 ineundum

219 1160 464 1207 proponere
500 1147 699 1205 apparet.

355 1237 484 1295 Quod
532 1237 568 1283 si
621 1250 781 1283 verum
827 1238 917 1290 est,
965 1234 1212 1280 videndum
1264 1234 1393 1279 nobis
1445 1233 1549 1287 erit,
1603 1246 1690 1291 quo
1741 1232 2032 1291 potissimum

218 1318 420 1376 tempore
454 1316 550 1362 fieri
584 1315 802 1375 potuerit,
837 1316 891 1359 ut
924 1316 1056 1373 poeta
1090 1313 1172 1359 hoc
1207 1312 1378 1358 civibus
1416 1312 1510 1357 suis
1536 1310 1725 1357 suadere
1749 1311 1795 1355 in
1820 1310 2031 1355 animum

220 1395 468 1440 induceret.
555 1393 762 1438 Primum
809 1392 949 1450 igitur
990 1392 1302 1449 inquiramus,
1355 1403 1442 1448 quo
1486 1392 1686 1448 tempore
1730 1388 2031 1434 Athenienses

221 1472 277 1518 de
322 1472 536 1518 societate
588 1484 695 1516 cum
740 1469 918 1527 Argivis
964 1468 1161 1515 ineunda
1213 1468 1510 1526 cogitaverint
1552 1480 1758 1526 quaeque
1802 1480 1876 1512 res
1921 1469 2033 1511 tunc

222 1552 378 1608 gestae
422 1549 518 1594 eius
556 1548 784 1593 societatis
826 1560 990 1592 causae
1031 1546 1213 1599 fuerint,
1259 1545 1418 1590 deinde
1462 1559 1548 1603 quo
1597 1545 1729 1590 modo
1765 1559 1872 1589 cum
1907 1544 2031 1589 illius

220 1627 436 1686 temporis
481 1626 742 1672 condicione
788 1627 944 1684 poetae
988 1624 1228 1669 consilium
1275 1623 1527 1681 singulique
1572 1621 1755 1668 fabulae
1800 1622 1884 1667 loci
1930 1635 2035 1667 con-

222 1705 420 1758 veniant,
458 1704 535 1762 qui
569 1705 690 1749 tecta
726 1702 1054 1760 significatione
1090 1701 1247 1746 ecdem
1283 1703 1485 1759 spectare
1520 1700 1772 1745 videantur.

358 1795 447 1852 Qui
480 1795 632 1854 populi
654 1793 947 1840 Atheniensis
983 1807 1172 1839 causam
1208 1792 1405 1850 agebant
1439 1791 1561 1837 omni
1596 1793 1797 1851 tempore
1832 1791 2036 1836 Athenas

224 1873 431 1921 amicitia
474 1886 581 1918 cum
626 1872 760 1931 Argis
811 1871 1082 1929 coniungere
1128 1870 1402 1915 studuerunt
1417 1870 1477 1929 3),
1531 1883 1646 1928 quae
1694 1869 1854 1913 civitas
1901 1869 2037 1913 simili

221 1953 288 1999 rei
331 1951 541 2011 publicae
575 1950 723 1995 forma
768 1951 974 1995 uteretur
986 1951 1022 2008 4)
1071 1950 1116 1994 et
1164 1963 1270 1994 cum
1308 1947 1543 2007 Spartanis
1586 1948 1814 2006 popularis
1858 1947 2038 2006 imperii

222 2030 421 2076 inimicis
465 2031 637 2075 veteres
685 2028 942 2074 simultates
987 2027 1177 2073 haberet
1190 2028 1239 2087 5).
1320 2026 1469 2083 Quare
1519 2026 1676 2071 statim
1722 2026 1779 2071 ab
1824 2039 2037 2085 oppressa

224 2108 518 2168 optimatium
551 2107 752 2165 potentia
788 2120 907 2151 anno
936 2106 1030 2150 460
1056 2119 1096 2151 a.
1124 2104 1227 2150 Chr.
1253 2119 1296 2149 n.
1324 2104 1625 2149 Athenienses
1650 2104 1821 2149 Pericle
1856 2106 2039 2149 auctore

223 2200 331 2232 cum
365 2184 544 2243 Argivis
578 2184 736 2230 foedus
779 2183 986 2230 fecerunt
1004 2185 1065 2245 6);
1113 2185 1250 2242 atque
1287 2181 1500 2229 Cleonem
1535 2182 1656 2228 idem
1692 2183 1902 2228 secutum
1939 2195 2037 2228 esse

362 2385 392 2434 1)
422 2384 477 2423 Cf.
507 2383 625 2422 Bode.
673 2383 773 2421 Hist.
802 2382 876 2421 litt.
907 2382 1041 2421 Graec.
1070 2382 1130 2420 ΙΙΙ
1161 2384 1179 2420 1
1211 2394 1297 2432 pag.
1318 2383 1407 2421 497.
1463 2382 1603 2431 Bergk.
1631 2382 1656 2420 1.
1688 2394 1720 2420 e.
1749 2394 1835 2432 pag.
1858 2383 1934 2420 533
1955 2394 2039 2431 sqq.

226 2450 420 2500 Hartung.
449 2449 474 2488 1.
506 2461 539 2488 c.
568 2448 608 2487 Π
635 2460 721 2498 pag.
753 2447 838 2486 103.
895 2447 1082 2485 Zirndorf.
1111 2446 1136 2486 l.
1167 2460 1199 2485 c.
1229 2459 1316 2497 pag.
1347 2449 1407 2486 54.
1464 2448 1586 2485 Zastr.
1615 2446 1640 2485 l.
1671 2459 1703 2486 e.
1733 2459 1820 2496 pag.
1851 2448 1887 2486 9.

361 2515 390 2564 2)
420 2514 477 2553 Cf.
506 2515 658 2562 praeter
684 2525 723 2551 v.
754 2513 852 2551 1191
883 2523 967 2560 sqq.
996 2523 1115 2560 supra
1143 2512 1292 2559 citatos,
1321 2525 1359 2550 v.
1391 2512 1491 2550 1205
1517 2523 1600 2560 sqq.

362 2582 392 2628 3)
420 2579 477 2618 Cf.
507 2578 551 2618 G.
581 2578 739 2616 Gilbert.
787 2577 966 2626 Beitrage
1003 2588 1073 2613 zur
1105 2576 1265 2614 inneren
1294 2576 1528 2614 Geschichte
1557 2576 1720 2615 Athens.
1775 2576 1907 2626 Leipz.
1940 2577 2040 2615 1877

229 2657 317 2694 pag.
348 2644 423 2682 188
453 2656 537 2693 sqq.

362 2708 392 2758 4)
423 2708 479 2747 Cf.
518 2708 639 2746 Thuc.
675 2707 713 2762 V
750 2707 814 2753 44,
845 2708 879 2746 1.
932 2706 1023 2755 Ipso
1061 2705 1287 2744 ostracismo
1324 2706 1468 2754 pam'ter
1504 2707 1621 2755 atque
1650 2706 1910 2744 Athenienses
1946 2708 2041 2744 tunc

228 2774 441 2812 utebantur
467 2773 627 2822 Argivi3
675 2772 723 2811 cf.
766 2772 884 2810 Arist.
913 2771 1027 2810 Polit.
1055 2771 1155 2809 VIII
1183 2771 1219 2819 2,
1248 2772 1271 2809 5
1313 2783 1399 2820 pag.
1432 2770 1533 2809 1302
1563 2772 1595 2808 A
1638 2771 1698 2810 ed.
1728 2770 1938 2810 Susemihl.
1996 2772 2041 2810 G.

228 2838 381 2877 Busolt.
435 2837 715 2886 Forschungen
743 2849 814 2874 zur
841 2836 1110 2886 gliechischen
1138 2836 1381 2873 Geschichte.
1438 2835 1604 2873 Breslau
1634 2836 1736 2874 1880
1763 2848 1849 2885 pag.
1882 2838 1942 2875 77.

362 2903 393 2954 ⁵)
421 2903 509 2942 Non
546 2902 673 2941 solum
710 2902 757 2942 de
795 2904 898 2940 terra
933 2901 1124 2951 Cynuria,
1170 2901 1239 2939 sed
1276 2901 1392 2939 etiam
1431 2901 1479 2939 de
1516 2901 1738 2951 principatu
1772 2901 2042 2951 Peloponnesi,

230 2981 349 3018 quem
377 2969 514 3018 Argivi
555 2968 825 3016 antiquissimo
866 2970 1040 3015 tempore
1082 2967 1326 3005 obtinuerant
1365 2968 1404 3003 et
1430 2968 1525 3004 tunc
1553 2978 1784 3015 recuperare
1820 2967 2042 3005 studebant.

229 3033 287 3073 Cf.
315 3033 437 3072 Thuc.
467 3033 504 3070 V
534 3034 595 3081 14,
624 3033 660 3071 4.
691 3031 752 3080 28,
783 3031 818 3071 2.

333 3143 337 3148 ,
363 3098 393 3149 ⁶)
422 3098 478 3138 cf.
508 3098 627 3137 Timo.
656 3097 677 3136 Ι
706 3097 794 3146 102,
823 3097 860 3135 4.
