2281 3492
1111 902 1168 974 I.

364 1141 636 1188 Admirabili
680 1142 853 1201 patriae
901 1156 1053 1188 amore
1089 1142 1218 1188 ducti
1261 1144 1419 1201 poetae
1462 1143 1624 1200 tragici
1659 1144 1841 1203 saepius
1893 1145 2057 1191 laudes

230 1221 519 1266 Athenarum
554 1219 721 1265 fabulis
758 1220 851 1266 suis
875 1220 1167 1266 inseruerunt
1183 1221 1234 1281 ¹),
1269 1220 1495 1280 imprimis
1531 1223 1698 1276 autem,
1734 1221 1779 1266 id
1804 1221 1922 1281 quod
1960 1222 2057 1268 iam

230 1299 409 1358 antiqui
457 1299 696 1358 scriptores
741 1298 1063 1357 praedicarunt
1077 1299 1137 1359 2),
1185 1299 1446 1358 Euripides,
1492 1313 1628 1358 quem
1675 1313 1834 1346 omnes
1879 1302 2058 1360 patriae

230 1377 530 1424 celebrandae
566 1377 824 1423 occasiones
872 1379 1081 1437 captasse
1118 1380 1256 1436 atque
1292 1377 1402 1424 adeo
1436 1378 1682 1424 materiam
1716 1379 2055 1437 tragoediarum

230 1469 283 1500 ex
331 1454 584 1513 antiquiore
629 1455 807 1500 Atticae
848 1455 1037 1500 historia
1071 1454 1405 1515 deprompsisse
1445 1455 1654 1501 videmus
1669 1457 1721 1516 3).
1800 1456 1972 1502 Eodem
2005 1457 2057 1502 in

234 1532 503 1592 Supplicum
556 1546 732 1591 quoque
784 1532 940 1578 fabula
988 1546 1095 1579 eum
1147 1533 1396 1580 intendisse
1446 1535 1491 1579 et
1534 1547 1587 1580 ex
1636 1534 1732 1594 ipso
1785 1537 2058 1593 argumento

231 1611 373 1656 electo
410 1613 546 1669 atque
581 1611 828 1656 immutato
864 1604 995 1657 facile
1038 1612 1326 1669 cognoscitur
1371 1626 1518 1670 neque
1554 1614 1756 1658 veterem
1789 1614 2061 1670 grammati-

233 1703 367 1743 cum,
419 1689 493 1735 cui
538 1688 830 1748 hypothesim
866 1689 1112 1743 debemus,
1147 1689 1381 1749 praeteriit
1395 1690 1445 1749 4).
1514 1689 1703 1735 Nullam
1738 1691 1860 1737 enim
1895 1705 2056 1737 earum
2088 1701 2096 1713 ⁴

230 1781 408 1821 rerum,
459 1780 574 1825 quas
619 1767 922 1813 Athenienses
975 1767 1229 1826 antiquiore
1282 1770 1482 1827 tempore
1524 1769 1755 1827 praeclare
1806 1772 2058 1827 gesserant,

233 1848 391 1892 tantae
427 1846 515 1892 sibi
549 1845 676 1892 laudi
699 1846 965 1893 tribuebant
990 1860 1131 1905 quam
1154 1846 1520 1893 illustrissimum
1543 1847 1655 1893 illud
1679 1847 1856 1894 facinus
1880 1847 2055 1903 Thesei,

233 1924 313 1982 qui
356 1937 541 1983 corpora
584 1924 859 1980 Argivorum
909 1925 958 1970 in
1007 1924 1177 1970 Thebis
1228 1925 1545 1984 oppugnandis
1597 1938 1833 1971 caesorum
1879 1927 2060 1972 tradere

231 2001 471 2048 Thebanos
507 2004 728 2058 coegerat.
797 2001 956 2061 Neque
1002 2002 1050 2048 id
1095 2002 1360 2057 mirabitur,
1404 2003 1482 2061 qui
1516 2004 1794 2062 reputaverit
1828 2006 2056 2062 quantum

233 2079 362 2126 nefas
400 2078 564 2126 Graeci
598 2080 793 2126 mortuis
828 2080 922 2126 vim
955 2080 1121 2127 inferre
1169 2081 1295 2126 omni
1329 2083 1529 2140 tempore
1565 2081 1830 2137 habuerint,
1884 2084 2059 2142 quanta

233 2158 448 2216 religione
497 2172 600 2204 eam
634 2159 784 2217 legem
835 2159 1138 2214 servaverint,
1188 2173 1279 2218 qua
1326 2160 1557 2205 sancitum
1601 2162 1719 2215 erat,
1771 2163 1824 2206 ut
1864 2161 2060 2208 victores

370 2367 399 2415 ¹)
430 2365 485 2405 Cf.
516 2366 659 2406 Aesch.
689 2366 853 2405 Eunien.
884 2379 922 2404 V.
953 2366 1029 2406 916
1058 2378 1141 2416 sqq.
1199 2366 1377 2416 Sophocl.
1408 2365 1502 2406 Oed.
1533 2366 1612 2406 Col.
1649 2380 1686 2406 V.
1718 2366 1795 2406 668
1823 2379 1907 2417 sqq.
1961 2367 2057 2407 Eur.

234 2430 338 2469 Med.
367 2444 406 2469 v.
435 2430 514 2469 824
543 2443 627 2480 sqq.
684 2432 890 2469 Guetzlaff.
919 2431 946 2470 l.
977 2444 1009 2470 0.
1039 2444 1125 2481 pag.
1148 2432 1182 2470 2.
1239 2432 1286 2469 In
1315 2432 1480 2470 citandis
1507 2431 1604 2470 locis
1622 2432 1846 2470 fabularum
1865 2433 2060 2482 Aeschyli

235 2498 274 2533 et
295 2494 497 2544 Sophoclis
530 2497 692 2534 secutus
721 2507 809 2534 sum
839 2496 1028 2535 editiones
1049 2496 1093 2535 G.
1114 2496 1305 2535 Dindorfii
1331 2496 1437 2546 Lips.
1465 2496 1577 2545 1870,
1607 2496 1816 2546 Euripidis,
1846 2497 2057 2536 editionem

234 2561 405 2599 Nauokii
432 2562 523 2600 ibid.
556 2561 669 2601 1866.

368 2639 398 2688 2)
428 2638 483 2679 Cf.
513 2640 697 2679 Aeschin.
726 2641 918 2681 Timarch.
947 2642 969 2691 ξ
992 2642 1080 2681 151.
1135 2640 1307 2691 Lycurg.
1336 2640 1472 2680 Leocr.
1502 2640 1631 2690 §loo
1686 2640 1887 2681 Plutarch.
1915 2640 2056 2682 Moral.

233 2716 319 2754 pag.
351 2705 428 2743 604
446 2705 493 2743 D.
541 2705 674 2754 Eur-ip.
703 2706 779 2745 fab.
807 2707 921 2756 frgm.
951 2706 1029 2745 362
1056 2707 1145 2745 adn.
1176 2706 1250 2755 (ed.
1269 2705 1450 2753 Nauck).
1500 2705 1681 2745 Schenkl.
1710 2706 1736 2745 l.
1767 2719 1799 2745 c.
1829 2719 1916 2757 pag.
1945 2707 1982 2746 8.

369 2782 398 2831 3)
429 2781 665 2821 Huiusmodi
706 2785 799 2821 sunt
839 2786 997 2834 Aegeus
1039 2784 1163 2833 Alope
1206 2783 1453 2822 Erechtheus
1490 2784 1722 2823 Heraclidae
1761 2783 1952 2823 Hercules
1980 2785 2057 2824 fur.

232 2848 400 2896 uterque
427 2846 668 2896 Hippolytus
695 2848 767 2886 Ion
794 2848 1000 2899 Supplices
1027 2849 1215 2888 Theseus.
1268 2848 1325 2887 Cf.
1347 2848 1528 2888 Schenkl.
1558 2849 1583 2888 1.
1613 2862 1646 2888 0.
1676 2861 1762 2900 pag.
1784 2849 1845 2888 23.
1883 2849 2059 2888 Uberius

233 2912 282 2950 de
322 2911 386 2950 his
427 2912 571 2951 fabulis
609 2913 794 2952 disseruit
827 2914 876 2953 U.
920 2915 967 2953 de
1009 2913 1589 2954 Wilamoudtz-Moellendorff
1615 2915 1806 2955 Analecta
1832 2915 2057 2966 Euripidea,

230 2977 362 3017 Berol.
395 2977 496 3016 1875
525 2990 613 3027 pag.
644 2979 719 3017 178
739 2991 824 3028 sqq.

365 3055 396 3106 4)
427 3055 484 3095 Cf.
517 3056 620 3106 quod
657 3056 698 3094 in
726 3056 861 3106 Suppl.
898 3060 1126 3108 argumento
1154 3057 1301 3109 legitur
1326 3054 1373 3097 τὸ
1402 3057 1446 3097 δὲ
1474 3057 1608 3110 δρᾶμα
1639 3056 1832 3110 ἐγκώμιον
1853 3054 2057 3106 Ἀθηνῶν.
