2281 3492
1102 100 1164 146 33

239 263 410 325 deinde
435 261 492 308 ab
526 260 744 333 Adrasto,
781 259 859 319 qui
892 260 1136 319 postquam
1171 272 1218 304 se
1252 257 1403 317 ipsum
1439 257 1681 312 accusavit,
1718 255 1836 316 quod
1872 269 2042 315 aequas

239 344 365 405 pacis
401 339 682 388 condiciones
718 339 776 384 ab
810 338 990 384 Eteocle
1025 338 1200 383 oblatas
1235 350 1449 395 respuens
1474 336 1642 382 bellum
1676 338 1895 396 parasset,
1931 335 2042 381 haec

241 421 464 470 exclamat
476 435 486 464 ε

1193 520 1231 578 ὦ
1265 529 1391 577 κενοὶ
1425 529 1620 592 βροτῶν,

549 607 606 659 τὸ
638 606 778 671 τόξον
813 608 1090 667 ἐντείνοντες
1126 606 1178 656 οἳ
1208 607 1375 672 καιροῦ
1410 597 1549 671 πέρα,

554 691 637 739 καὶ
672 685 796 755 πρὸς
831 688 967 754 δίκης
1002 707 1051 752 γε
1086 682 1245 736 πολλὰ
1279 681 1545 747 πάσχοντες
1578 680 1717 744 κακά,

555 768 718 837 φίλοις
751 768 839 832 μὲν
874 761 927 816 οὗ
960 765 1222 825 πείθεσθε,
1259 769 1362 824 τοῖς
1397 764 1450 814 δὲ·
1485 759 1759 829 πράγμασι·

555 844 726 905 πόλεις
758 840 800 895 τ’
838 846 1029 907 ἔχουσαι
1064 841 1145 893 διὰ
1179 841 1320 909 λόγου
1353 840 1551 908 κάμψαι
1585 839 1724 901 κακά,

557 922 688 993 φόνῳ
722 916 1054 990 καθαιρεῖσθ’,
1093 916 1145 972 οὗ
1178 918 1318 987 λόγῳ,
1354 917 1414 970 τὰ
1447 916 1709 985 πράγματα
1729 928 1779 984 1).

241 1078 380 1123 Recte
428 1077 585 1121 autem
619 1074 892 1131 Hartungus
946 1071 1187 1118 coniecisse
1231 1070 1348 1116 mihi
1391 1069 1567 1115 videtur
1611 1069 1684 1114 his
1719 1068 1864 1113 verbis
1908 1068 2046 1113 Athe-

239 1155 419 1202 nienses
465 1153 639 1214 peccati
684 1152 816 1212 paulo
867 1153 971 1197 ante
1016 1149 1249 1196 commissi
1295 1147 1548 1197 admoneri,
1604 1147 1707 1208 „qui
1752 1160 1857 1192 cum
1893 1144 2045 1192 Cleoni

240 1233 413 1278 homini
448 1232 687 1277 ambitioso
732 1230 925 1274 mallent
977 1242 1117 1287 quam
1163 1228 1323 1272 amicis
1374 1227 1546 1285 patriae
1594 1226 1926 1284 obtemperare,
1977 1225 2047 1268 ni-

208 1312 391 1357 -mium
425 1310 710 1357 intendentes
746 1322 906 1354 arcum
951 1307 1188 1366 fregerint,
1236 1308 1281 1352 et
1324 1320 1430 1351 cum
1473 1304 1717 1364 prudenter
1759 1303 2044 1350 consulentes

241 1390 396 1436 audire
439 1389 715 1442 noluissent,
752 1389 916 1433 eventu
951 1385 1069 1432 docti
1104 1382 1355 1431 doluerint“
1376 1384 1427 1444 2).

371 1533 590 1579 Eiusdem
623 1531 809 1577 Adrasti
843 1530 1001 1576 deinde
1038 1532 1146 1576 sunt
1179 1529 1291 1575 haec
1325 1528 1483 1574 verba:

1058 1649 1096 1706 ὦ
1130 1656 1432 1721 ταλαίπωροι
1465 1656 1659 1718 βροτῶν,

555 1737 604 1786 τί
637 1737 823 1786 κτᾶσθε
856 1732 1027 1800 λόγχας
1061 1736 1143 1784 καὶ
1185 1727 1289 1783 κατ’
1325 1729 1537 1800 ἀλλήλων
1571 1729 1746 1799 φόνους

557 1816 792 1874 τίθεσθε;
843 1807 1110 1873 παύσασθ’,
1147 1807 1267 1862 ἄλλα
1300 1809 1520 1878 λήξαντες
1554 1808 1715 1860 πόνων

557 1887 680 1962 ἔστη
715 1886 984 1962 φυλάσσεθ’
1021 1886 1185 1960 ἥσυχοι
1218 1884 1332 1955 μεθ’
1368 1885 1549 1958 ἡσύχων
1565 1895 1617 1956 3).

375 2043 533 2103 Neque
569 2043 691 2089 aliud
725 2043 780 2089 de
814 2042 921 2089 loelli
955 2041 1319 2095 calamitatibus,
1355 2053 1470 2098 quae
1504 2039 1553 2084 in
1587 2039 1712 2084 chori
1740 2052 1917 2097 quoque
1942 2051 2050 2084 can-

241 2122 341 2168 ticis
377 2122 667 2181 deplorantur
680 2121 745 2182 4),
782 2123 850 2166 est
882 2120 1103 2166 iudicium
1135 2118 1316 2173 Thesei,
1353 2118 1430 2177 qui
1463 2117 1655 2163 Adrasto
1690 2117 1738 2162 in
1772 2116 1938 2162 Thebis
1974 2130 2048 2162 ex-

240 2201 497 2261 pugnandis
540 2200 698 2246 florem
733 2200 982 2246 iuventutis
1017 2198 1210 2256 Argivae
1246 2197 1458 2244 cecidisse
1494 2196 1658 2243 dicenti
1692 2195 1931 2255 respondet
1949 2196 2011 2255 5):

556 2320 748 2377 τοιαῦθ)
786 2321 811 2376 ὃ
843 2322 1032 2393 τλήμων
1065 2322 1278 2388 πόλεμος
1313 2320 1621 2390 ἐξεργάζεται,

239 2479 386 2523 neque
431 2465 604 2511 bellum
656 2463 846 2522 suscipit
895 2462 981 2507 nisi
1014 2462 1285 2507 necessitate
1331 2463 1538 2514 coactus,
1583 2460 1630 2505 id
1677 2459 1795 2517 quod
1837 2458 1931 2517 ipse
1977 2458 2049 2502 his

238 2543 388 2590 verbis
423 2542 680 2603 praedicat:

374 2794 402 2845 1)
430 2794 529 2833 Ibid.
557 2807 596 2833 v.
627 2794 703 2832 744
731 2805 812 2844 sqq.

370 2874 401 2924 2)
430 2873 486 2913 Cf.
516 2872 625 2911 Hart.
655 2872 745 2912 Eur.
774 2873 864 2911 rest.
894 2871 934 2909 Π
960 2882 1046 2920 pag.
1076 2870 1139 2908 97.
1216 2914 1221 2919 .

372 2953 402 3005 3)
431 2952 565 3003 Suppl.
594 2964 632 2991 v.
662 2951 738 2990 949
759 2963 841 3001 sqq.

372 3035 403 3083 4)
430 3032 529 3073 Ibid.
558 3044 596 3072 v.
627 3031 703 3071 955
723 3042 806 3081 sqq.

372 3115 403 3161 ⁵)
431 3113 530 3151 Ibid.
559 3124 598 3151 v,
630 3111 717 3149 119.
