2281 3492
1146 48 1173 92 8

309 208 350 241 v.
389 195 481 241 188
519 210 615 256 sqq.
1251 198 1398 260 πόλις
1433 203 1487 252 δὲ
1522 200 1581 270 σὴ

634 268 753 338 μόνη
789 269 966 322 δύναιτ’
1002 270 1060 324 ἂν
1093 271 1220 327 τόνδ’
1256 274 1524 346 ὑποστῆναι
1558 279 1734 333 πόνον·

637 346 698 398 τά
731 344 775 399 τ’
813 348 978 417 οἰκτρὰ
1013 350 1101 418 γὰρ
1136 356 1334 422 δέδορκε
1367 362 1451 407 καὶ
1486 360 1670 410 νεανίαν

636 427 731 488 ἔχει
766 430 821 477 σὲ
857 426 1051 492 ποιμέν’
1088 431 1281 482 ἐσθλόν.

304 521 345 552 V.
383 508 523 553 1183.
635 501 775 570 χαῖρ’·
811 500 947 568 όῖξιος
981 506 1069 574 γὰρ
1103 513 1184 560 καὶ
1223 509 1280 562 σὺ
1315 516 1397 563 καὶ
1433 512 1579 575 πόλις
1613 518 1772 568 σέθεν.

239 583 479 632 Similibus
515 587 675 633 deinde
711 589 923 636 laudibus
959 593 1145 639 easdem
1180 594 1308 641 effert
1342 597 1534 644 chorus:

302 677 341 708 v.
380 665 472 709 379
510 679 576 722 sq.
635 659 692 710 σό
725 683 803 711 τοι
839 665 999 726 σέβεις
1034 667 1185 727 δίκαν,
1223 666 1279 717 τὸ
1314 665 1357 718 δ’
1392 661 1539 736 ἧσσον
1572 667 1743 740 ἀδικίᾳ

627 740 785 802 νέμεις
819 743 1021 810 δυστυχῆ
1055 738 1097 793 τ’
1133 739 1208 795 ἀεὶ
1243 744 1405 797 πάντα
1440 746 1551 815 ῥύει.

233 820 382 877 Atque
427 833 534 865 cum
567 822 871 869 Athenienses
907 825 953 870 id
990 840 1168 886 semper
1210 829 1295 875 sibi
1339 834 1673 891 proposuerint,
1719 838 1772 881 ut
1808 839 2053 886 sceleratos

230 897 457 956 punirent,
494 901 539 945 et
573 899 798 960 imprimis
833 902 1035 952 Theseus
1070 906 1164 953 iam
1199 910 1372 956 multos
1407 911 1582 959 labores
1619 913 1678 960 ad
1702 914 1892 962 deorum
1927 918 2050 977 leges

230 975 424 1021 tuendas
469 978 744 1025 sustinuerit
763 981 822 1041 ¹),
875 983 950 1028 hic
995 998 1103 1030 vera
1149 999 1255 1032 cum
1300 988 1441 1046 gloria
1482 990 1536 1036 de
1581 1005 1628 1038 se
1680 993 1916 1053 patriaque
1967 1009 2052 1044 sua

227 1053 484 1111 praedicat:

281 1144 323 1176 V.
361 1131 451 1176 561
492 1145 590 1192 sqq.
629 1124 683 1178 οὗ
718 1127 806 1196 γάρ
839 1127 954 1181 ποτ’
990 1133 1060 1193 εἷς
1084 1130 1311 1203 (Έλληνας
1347 1137 1688 1208 ἐξοισθήσεται

623 1203 689 1265 (ὃς
722 1208 792 1267 εἷς
826 1204 901 1271 ἐμ)
938 1210 1100 1260 ἐλθών
1133 1217 1216 1262 καὶ
1252 1213 1398 1264 πόλιν
1434 1219 1705 1279 Πανδίονος

625 1282 768 1348 νόμος
802 1285 1015 1348 παλαιὸς
1049 1289 1289 1354 δαιμόνων
1323 1293 1582 1363 διεφθάρη.

358 1364 654 1426 Quamquam
692 1371 849 1415 autem
883 1372 1185 1420 Athenienses
1221 1375 1403 1423 afflictis
1448 1380 1614 1426 auxilio
1653 1382 1804 1428 venire
1839 1398 1929 1431 non
1964 1385 2048 1432 du-

225 1442 389 1497 bitant,
425 1447 582 1492 tamen
617 1448 802 1494 tantum
838 1450 983 1505 abest,
1017 1454 1072 1497 ut
1106 1453 1164 1498 ad
1199 1454 1301 1500 lites
1337 1458 1382 1501 et
1417 1457 1665 1506 discordias
1700 1464 1900 1522 prompti
1935 1464 2041 1520 sint,

220 1523 274 1566 ut
315 1521 412 1580 ipse
442 1523 660 1570 -Theseus
713 1539 760 1571 se
814 1527 1174 1588 haudquaquam
1216 1532 1275 1577 ad
1317 1534 1491 1580 bellum
1536 1538 1727 1596 prolixos
1771 1554 1880 1586 cum
1926 1542 2046 1589 bona

219 1600 368 1656 gratia
411 1614 679 1661 componere
724 1606 1053 1652 controversias
1089 1622 1252 1668 cupere
1298 1611 1465 1659 diserte
1509 1615 1777 1674 profiteatur
1793 1618 1853 1679 2),
1904 1622 2043 1680 atque

218 1678 457 1736 repudiata
492 1679 680 1726 demum
716 1685 1015 1742 componendi
1050 1686 1269 1734 facultate
1305 1703 1435 1736 arma
1470 1697 1692 1751 capessat,
1728 1696 1844 1742 bello
1880 1700 2038 1745 autem

218 1755 419 1802 confecto
456 1771 640 1804 summa
676 1773 783 1806 cum
817 1762 1128 1810 moderatione
1157 1765 1344 1812 victoria
1372 1771 1532 1816 utatur
1562 1771 1620 1817 ad
1656 1786 1709 1819 ea
1738 1775 1925 1822 tantum
1960 1777 2040 1824 ad-

217 1835 461 1892 sequenda,
498 1850 694 1894 quorum
729 1834 870 1884 causa
906 1841 964 1885 ad
1000 1842 1176 1888 bellum
1209 1845 1438 1903 profectus
1474 1851 1544 1894 est
1559 1850 1612 1910 3).

351 1912 484 1959 Tales
519 1927 624 1960 vero
649 1916 820 1962 civium
855 1918 1049 1965 virtutes
1086 1934 1192 1966 cum
1228 1937 1318 1968 non
1343 1926 1663 1973 convalescant
1697 1929 1783 1975 nisi
1816 1930 1864 1976 in
1898 1931 2041 1979 libera

216 2002 264 2034 re
299 1990 495 2048 publica,
530 1995 662 2051 poeta
697 1994 817 2040 hanc
851 1995 1113 2043 libertatem
1148 2001 1393 2059 tamquam
1429 2017 1666 2051 summum
1701 2009 1839 2066 atque
1873 2011 2042 2069 pretio-

213 2067 453 2113 sissimum
487 2070 658 2115 bonum
682 2073 1035 2120 Atheniensium
1069 2077 1315 2135 praedicat.
1365 2079 1483 2126 Cum
1517 2083 1564 2127 in
1591 2083 1814 2142 singulari
1846 2087 2035 2147 imperio

212 2159 332 2192 unus
369 2147 556 2205 quidem
590 2150 745 2195 omnia
779 2151 1027 2199 insolenter
1060 2154 1162 2200 iura
1198 2156 1284 2201 sibi
1320 2162 1509 2217 arroget,
1546 2162 1737 2209 Athenis
1773 2179 1862 2210 non
1896 2167 2035 2213 unius

209 2224 474 2280 arbitrium,
511 2226 590 2273 sed
627 2228 819 2288 scriptas
854 2230 978 2289 leges
1013 2233 1162 2280 valere
1199 2236 1244 2281 et
1278 2249 1477 2296 aequum
1512 2239 1631 2287 inter
1664 2255 1821 2289 omnes
1855 2244 1942 2299 ius,
1980 2248 2035 2292 ut

207 2303 418 2348 universo
468 2306 633 2364 populo
686 2307 1077 2356 administrandae
1118 2313 1184 2357 rei
1226 2315 1434 2372 publicae
1485 2319 1704 2378 participe
1754 2323 2033 2382 pauperrimi

205 2380 391 2426 omnino
434 2396 566 2441 pares
611 2384 704 2430 sint
746 2385 997 2433 ditissimis.
1079 2388 1232 2437 Cuivis
1278 2393 1363 2438 civi
1404 2394 1538 2441 licere
1582 2396 1637 2443 de
1673 2412 1947 2459 quacunque
1982 2415 2033 2447 re

206 2457 316 2503 velit
361 2459 549 2519 impune
596 2462 742 2509 dicere
790 2478 933 2524 eaque
978 2480 1094 2525 quae
1139 2482 1163 2514 e
1207 2471 1439 2530 republica
1484 2473 1576 2520 sint
1617 2477 1781 2535 populo
1826 2478 2032 2526 suadere.

210 2533 328 2581 Cum
363 2539 589 2596 tyrannus
626 2541 712 2587 sibi
748 2543 935 2603 suisque
970 2545 1106 2592 rebus
1143 2547 1311 2595 timens
1354 2551 1582 2610 optimum
1617 2567 1846 2615 quemque
1882 2557 2029 2605 civem

344 2692 372 2738 ¹)
403 2692 459 2732 Cf.
489 2694 581 2734 ibid.
611 2709 650 2735 v.
680 2698 757 2736 573
787 2709 873 2748 sqq.

340 2758 370 2805 2)
400 2757 456 2796 Cf.
485 2759 577 2798 ibid.
605 2774 643 2799 v.
674 2761 750 2801 385
779 2774 863 2813 sqq.
908 2765 986 2803 522
1014 2777 1097 2816 sqq.
1140 2767 1219 2806 670
1247 2779 1329 2818 sqq.

337 2824 367 2872 3)
398 2823 453 2862 Cf.
483 2825 575 2864 ibid.
605 2839 642 2865 V.
674 2828 749 2866 723
777 2841 860 2878 sqq.

858 2891 990 2946 παρὸν
1019 2895 1063 2934 δὲ
1092 2902 1259 2947 τειχέων
1288 2900 1383 2937 εἴσω
1409 2900 1556 2950 μολεῖν,

604 2953 753 3004 Θησεὺς
782 2961 971 3010 ἐπέσχεν·
1001 2957 1046 3000 οὐ
1072 2959 1149 3014 γὰρ
1177 2959 1229 3004 ὡς
1255 2969 1419 3016 πέρσων
1443 2965 1562 3006 πόλιν

597 3020 735 3071 μολεῖν
763 3026 946 3074 ἔφασκεν,
977 3022 1061 3065 ἀλλ’
1090 3023 1330 3077 ἀπαιτήσων
1357 3031 1525 3083 νεκρούς.
