2281 3492
1200 81 1260 125 30

322 236 627 281 Athenienses
665 250 691 280 a
727 237 998 282 temeritatis
1035 238 1168 295 culpa
1205 236 1443 282 defendere
1478 237 1601 283 dIcit.
1673 237 1802 294 Quod
1838 240 1994 283 autem
2019 238 2142 283 idem

323 314 390 358 vir
425 313 586 359 doctus
623 314 702 358 illa
737 315 873 360 verba
911 329 1000 359 non
1036 314 1270 360 referenda
1306 329 1404 360 esse
1440 315 1527 360 nisi
1551 315 1610 360 ad
1637 315 1778 374 ipsius
1802 315 1984 361 fabulae
2008 329 2142 373 argu-

322 394 534 437 mentum
570 392 793 450 opinatur,
831 393 1046 451 quoniam
1081 393 1238 451 priscis
1274 393 1553 451 temporibus
1584 394 1885 439 Athenienses
1922 408 1949 439 a
1981 394 2141 439 multis

323 471 598 516 temeritatis
644 474 881 516 accusatos
938 485 1036 517 esse
1082 471 1206 516 fama
1252 471 1408 516 tulerit
1454 471 1620 530 (adfert
1670 471 1805 517 Isocr.
1853 472 2020 530 Paneg.
2069 472 2144 517 14.

319 548 462 594 Τ11110.
488 549 509 593 Ι
536 550 614 609 70)
655 550 916 608 similesque
952 550 1037 595 loci
1073 550 1212 595 etiam
1247 564 1287 594 v.
1314 551 1407 595 576
1435 564 1547 608 sqq,
1606 549 1836 595 Heraclid.
1864 565 1901 594 v.
1930 551 2022 596 329
2044 564 2142 609 sqq.

321 627 619 673 inveniantur
638 630 688 688 1),
727 629 937 687 equidem
973 630 1056 674 hoc
1092 629 1132 674 ei
1167 628 1408 674 concedere
1450 643 1540 673 non
1575 642 1776 687 possum.
1848 627 2144 688 Quamquam

322 707 445 752 enim
491 708 539 752 in
575 707 812 764 vulgarem
849 722 1026 766 quoque
1062 707 1235 752 famam
1279 707 1356 752 illa
1402 707 1599 753 Aethrae
1643 707 1783 752 verba
1826 707 1975 766 aliquo
2010 706 2144 753 modo

326 786 580 843 quadrant,
626 789 781 832 tamen
826 787 991 832 melius
1035 787 1269 831 convenire
1314 785 1426 830 mihi
1461 785 1670 831 videntur
1705 786 1748 830 in
1784 800 1857 831 res
1893 799 2011 831 anno
2047 786 2142 831 420

324 866 502 922 gestas,
556 878 702 922 neque
738 864 834 909 fieri
870 864 1068 923 potuisse
1103 866 1235 924 puto,
1283 864 1393 923 quin
1429 864 1729 910 Athenienses
1778 878 1830 909 ea
1865 864 2002 909 verba
2038 877 2145 909 cum

327 943 540 987 audirent
596 943 651 987 ad
708 943 865 988 foedus
912 944 1183 999 Argivorum
1241 943 1483 995 referrent,
1546 943 1665 1000 quod
1712 943 1849 987 multi
1903 945 2145 1000 tamquam

325 1020 717 1066 inconsideratum
754 1020 1096 1066 dissuadebant.
1189 1020 1292 1066 Mea
1327 1020 1467 1079 igitur
1513 1020 1741 1066 sententia
1775 1021 1907 1080 poeta
1955 1033 2029 1066 eos
2066 1020 2146 1079 qui

325 1099 437 1143 illud
475 1099 631 1143 foedus
670 1099 866 1156 agebant
902 1113 927 1143 a
962 1099 1235 1143 temeritatis
1272 1099 1460 1143 crimine
1497 1099 1734 1144 defendere
1764 1099 1919 1152 voluit,
1956 1112 2146 1144 monens

328 1178 683 1224 Atheniensium
731 1178 985 1231 civitatem,
1043 1177 1205 1236 quippe
1256 1191 1373 1235 quae
1419 1176 1648 1223 laboribus
1693 1177 1995 1236 periculisque
2048 1192 2148 1237 per-

328 1256 524 1302 ferendis
573 1256 822 1314 potentiam
876 1258 1012 1314 atque
1063 1255 1255 1313 gloriam
1303 1255 1389 1299 sibi
1424 1255 1663 1313 paraverit,
1700 1269 1857 1300 eorum
1893 1255 1970 1314 qui
2005 1256 2147 1301 teme-

326 1336 513 1379 ritatem
551 1335 635 1378 sibi
671 1335 901 1378 obicerent
936 1334 1173 1391 opprobria
1208 1336 1510 1378 contemnere,

462 1412 686 1469 Quoniam
724 1426 811 1470 quo
847 1411 979 1457 modo
1015 1410 1253 1470 Euripides
1290 1411 1481 1468 singulis
1515 1411 1624 1456 locis
1660 1410 1849 1457 foederis
1873 1411 2147 1469 Argivorum

326 1491 551 1536 rationem
599 1490 812 1535 habuerit
860 1490 1099 1549 explicavi,
1136 1489 1364 1548 reliquum
1407 1492 1477 1535 est
1521 1492 1574 1535 ut
1616 1503 1764 1548 pauca
1812 1489 2003 1535 dicenda
2039 1503 2147 1548 ¹esse.

324 1570 567 1614 videantur
615 1569 668 1613 de
713 1569 769 1613 iis
824 1582 940 1626 quae
987 1568 1217 1626 Hauptius
1265 1570 1423 1612 contra
1477 1568 1752 1613 sententiam
1805 1570 2012 1612 nostram
2057 1567 2150 1612 dis-

326 1648 507 1707 putavit
523 1648 573 1707 2).
634 1646 722 1704 Qui
758 1647 826 1691 vir
861 1646 1021 1692 doctus
1056 1646 1152 1692 fieri
1187 1660 1278 1691 non
1302 1646 1503 1705 potuisse
1539 1645 1660 1700 dicit,
1696 1648 1749 1691 ut
1780 1645 2031 1704 Euripides,
2069 1645 2147 1704 qui

328 1728 390 1772 sit
427 1726 777 1771 amantissimus
814 1725 965 1784 pacis,
1001 1725 1157 1770 foedus
1195 1725 1369 1770 civibus
1415 1724 1638 1777 suaderet,
1677 1738 1764 1783 quo
1801 1724 2001 1769 confecto
2037 1724 2150 1782 quin

327 1805 501 1850 bellum
546 1803 936 1861 redintegraretur
972 1803 1162 1847 dubium
1200 1817 1288 1847 non
1323 1802 1473 1847 fuerit.
1542 1802 1648 1847 Fuit
1684 1816 1792 1847 sane
1827 1802 1952 1861 pacis
1988 1815 2152 1847 aman-

327 1884 536 1928 tissimus
583 1882 844 1940 Euripides3
904 1881 983 1925 sed
1031 1881 1153 1925 idem
1207 1880 1294 1925 fuit
1338 1881 1686 1925 amantissimus
1741 1880 1928 1939 patriae.
2013 1880 2150 1924 Aliud

326 1964 484 2007 autem
520 1963 590 2006 est
625 1974 785 2019 pacem
822 1973 1000 2013 amare,
1055 1959 1181 2004 aliud
1226 1959 1396 2004 bellum
1445 1958 1502 2003 ad
1539 1959 1737 2004 salutem
1782 1961 1919 2017 atque
1954 1958 2147 2016 gloriam

324 2040 500 2098 patriae
558 2038 869 2084 necessarium
930 2037 1206 2082 dissuadere.
1287 2036 1448 2095 Itaque
1506 2036 1664 2082 decem
1714 2036 1804 2081 fere
1851 2036 1980 2081 annis
2028 2039 2149 2091 ante,

323 2132 432 2163 cum
478 2118 675 2162 Pericles
721 2117 894 2161 bellum
941 2118 1099 2160 contra
1147 2115 1496 2173 Peloponnesios
1542 2114 1882 2172 suscipiendum
1919 2114 2146 2168 suaderet,

324 2196 383 2241 ab
420 2195 556 2241 huius
592 2194 675 2240 viri
698 2194 903 2254 partibus
939 2195 1121 2253 poetam
1160 2192 1341 2238 stetisse
1367 2192 1718 2238 Heraclidarum
1755 2191 1909 2237 fabula
1945 2191 2075 2237 docet
2089 2192 2150 2252 3);

323 2280 377 2320 ut
423 2289 527 2320 vero
564 2278 674 2319 tunc
718 2273 927 2326 Periclis,
982 2273 1046 2317 ita
1100 2273 1182 2317 hoc
1239 2274 1440 2330 tempore
1486 2271 1735 2317 Alcibiadis
1789 2271 2037 2316 auctoritas
2090 2270 2149 2316 ad

324 2353 554 2412 Euripidis
591 2351 870 2397 sententiam
906 2350 1156 2410 plurimum
1192 2350 1348 2395 valuit.
1420 2351 1569 2408 Atque
1595 2364 1648 2395 ex
1671 2349 1743 2394 illo
1772 2348 1948 2395 foedere
1974 2348 2147 2394 bellum

322 2432 549 2475 oriturum
594 2444 692 2474 esse
743 2430 844 2474 licet
887 2429 981 2486 ipse
1029 2428 1267 2486 Euripides
1321 2441 1594 2486 persuasum
1641 2427 1866 2479 habuerit,
1911 2422 2064 2471 nonne
2113 2425 2151 2470 si

322 2509 542 2566 neglectis
592 2507 949 2552 Atheniensibus
995 2520 1100 2551 cum
1137 2505 1506 2551 Lacedaemoniis
1553 2504 1704 2562 Argiri
1759 2503 1918 2548 foedus
1962 2503 2149 2548 icissent

323 2587 444 2631 idem
490 2586 582 2630 fore
627 2598 902 2643 persuasum
947 2584 1115 2628 habere
1163 2583 1393 2628 debebat?
1475 2581 1821 2626 Lacedaemonii
1867 2581 1988 2625 enim
2025 2580 2144 2638 quod

323 2663 565 2708 Nicianam
611 2676 772 2721 pacem
808 2662 1027 2707 violantes
1065 2675 1171 2705 cum
1207 2660 1388 2705 Boeotis
1423 2659 1581 2704 foedus
1615 2659 1835 2712 inierant,
1891 2673 1938 2704 se
1986 2672 2148 2717 pacem

326 2755 503 2787 servare
556 2742 673 2787 nolle
729 2741 840 2785 satis
895 2740 1321 2786 demonstraverant
1367 2738 1614 2796 eodemque
1666 2736 1841 2784 foedere
1892 2736 2148 2796 potentiam

462 2941 489 2981 s>
521 2940 575 2979 Cf.
605 2940 630 2979 1.
662 2954 694 2980 ρ.
724 2941 815 2979 ibid.

461 3008 490 3051 ²)
521 3006 575 3043 Cf.
607 3006 629 3043 1.
662 3019 693 3044 C.
723 3007 757 3043 11
791 3018 876 3055 pag.
907 3005 944 3043 g,

456 3073 486 3121 ³>
517 3070 572 3109 Cf·
603 3070 742 3121 Bergk,
771 3071 796 3110 1·
827 3084 859 3110 0·
889 3083 975 3121 rag.
1007 3070 1095 3109 517.
1126 3070 1200 3108 577
